<?xml version="1.0" encoding="UTF-8"?>
<!DOCTYPE html PUBLIC "-//W3C//DTD XHTML 1.0 Transitional//EN"
    "http://www.w3.org/TR/xhtml1/DTD/xhtml1-transitional.dtd">
<html xmlns="http://www.w3.org/1999/xhtml" xml:lang="en" lang="en">
 <head>
  <title>
</title>
<meta http-equiv="Content-Type" content="text/html;charset=utf-8" />
  <meta name='ocr-system' content='tesseract 3.04.00' />
  <meta name='ocr-capabilities' content='ocr_page ocr_carea ocr_par ocr_line ocrx_word'/>
</head>
<body>
  <div class='ocr_page' id='page_1' title='image "./pts_epistolae_3720-0638_v1_0269.png"; bbox 0 0 2692 3907; ppageno 0'>
   <div class='ocr_carea' id='block_1_1' title="bbox 0 701 157 2613">
    <p class='ocr_par' dir='ltr' id='par_1_1' title="bbox 0 701 157 2613">
     <span class='ocr_line' id='line_1_1' title="bbox 0 701 5 959; baseline 0 -172"><span class='ocrx_word' id='word_1_1' title='bbox 0 701 5 959; x_wconf 95' lang='lat' dir='ltr'>   </span> 
     </span>
     <span class='ocr_line' id='line_1_2' title="bbox 0 959 5 1046; baseline 0 2861"><span class='ocrx_word' id='word_1_2' title='bbox 0 959 5 1046; x_wconf 95' lang='lat' dir='ltr'> </span> 
     </span>
     <span class='ocr_line' id='line_1_3' title="bbox 0 1046 7 1129; baseline 0 2778"><span class='ocrx_word' id='word_1_3' title='bbox 0 1046 7 1129; x_wconf 95' lang='lat' dir='ltr'> </span> 
     </span>
     <span class='ocr_line' id='line_1_4' title="bbox 0 1129 8 1215; baseline 0 2692"><span class='ocrx_word' id='word_1_4' title='bbox 0 1129 8 1215; x_wconf 95' lang='lat' dir='ltr'> </span> 
     </span>
     <span class='ocr_line' id='line_1_5' title="bbox 0 1215 8 1476; baseline 0 -25"><span class='ocrx_word' id='word_1_5' title='bbox 0 1215 8 1476; x_wconf 95' lang='lat' dir='ltr'>     </span> 
     </span>
     <span class='ocr_line' id='line_1_6' title="bbox 0 1476 5 1738; baseline 0 -93"><span class='ocrx_word' id='word_1_6' title='bbox 0 1476 5 1738; x_wconf 95' lang='lat' dir='ltr'>   </span> 
     </span>
     <span class='ocr_line' id='line_1_7' title="bbox 0 1738 100 1997; baseline 0 -87"><span class='ocrx_word' id='word_1_7' title='bbox 0 1738 100 1997; x_wconf 95' lang='lat' dir='ltr'>   </span> 
     </span>
     <span class='ocr_line' id='line_1_8' title="bbox 0 1997 100 2087; baseline 0 1820"><span class='ocrx_word' id='word_1_8' title='bbox 0 1997 100 2087; x_wconf 95' lang='lat' dir='ltr'> </span> 
     </span>
     <span class='ocr_line' id='line_1_9' title="bbox 0 2087 100 2173; baseline 0 1734"><span class='ocrx_word' id='word_1_9' title='bbox 0 2087 100 2173; x_wconf 95' lang='lat' dir='ltr'> </span> 
     </span>
     <span class='ocr_line' id='line_1_10' title="bbox 0 2173 100 2278; baseline 0 1629"><span class='ocrx_word' id='word_1_10' title='bbox 0 2173 100 2278; x_wconf 95' lang='lat' dir='ltr'> </span> 
     </span>
     <span class='ocr_line' id='line_1_11' title="bbox 0 2278 157 2512; baseline 0 -77"><span class='ocrx_word' id='word_1_11' title='bbox 0 2278 157 2512; x_wconf 95' lang='lat' dir='ltr'>    </span> 
     </span>
     <span class='ocr_line' id='line_1_12' title="bbox 0 2512 157 2613; baseline 0 1294"><span class='ocrx_word' id='word_1_12' title='bbox 0 2512 157 2613; x_wconf 95' lang='lat' dir='ltr'> </span> 
     </span>
    </p>
   </div>
   <div class='ocr_carea' id='block_1_2' title="bbox 0 2613 2692 3907">
    <p class='ocr_par' dir='ltr' id='par_1_2' title="bbox 0 2613 2692 3907">
     <span class='ocr_line' id='line_1_13' title="bbox 0 2613 243 2873; baseline 0 -175"><span class='ocrx_word' id='word_1_13' title='bbox 0 2613 243 2873; x_wconf 95' lang='lat' dir='ltr'>   </span> 
     </span>
     <span class='ocr_line' id='line_1_14' title="bbox 0 2873 247 2960; baseline 0 947"><span class='ocrx_word' id='word_1_14' title='bbox 0 2873 247 2960; x_wconf 95' lang='lat' dir='ltr'> </span> 
     </span>
     <span class='ocr_line' id='line_1_15' title="bbox 0 2960 249 3134; baseline 0 -90"><span class='ocrx_word' id='word_1_15' title='bbox 0 2960 249 3134; x_wconf 95' lang='lat' dir='ltr'>  </span> 
     </span>
     <span class='ocr_line' id='line_1_16' title="bbox 0 3134 2692 3907; baseline 0 -685"><span class='ocrx_word' id='word_1_16' title='bbox 0 3134 2692 3907; x_wconf 95' lang='lat' dir='ltr'>   </span> 
     </span>
    </p>
   </div>
   <div class='ocr_carea' id='block_1_3' title="bbox 0 0 2692 701">
    <p class='ocr_par' dir='ltr' id='par_1_3' title="bbox 0 0 2692 701">
     <span class='ocr_line' id='line_1_17' title="bbox 0 0 2692 701; baseline 0 -239"><span class='ocrx_word' id='word_1_17' title='bbox 0 0 2692 701; x_wconf 95' lang='lat' dir='ltr'>      </span> 
     </span>
    </p>
   </div>
   <div class='ocr_carea' id='block_1_4' title="bbox 723 359 2360 428">
    <p class='ocr_par' dir='ltr' id='par_1_4' title="bbox 723 359 2360 428">
     <span class='ocr_line' id='line_1_18' title="bbox 723 359 2360 428; baseline 0.002 -15"><span class='ocrx_word' id='word_1_18' title='bbox 723 359 827 428; x_wconf 90' lang='lat'>248</span> <span class='ocrx_word' id='word_1_19' title='bbox 869 373 1055 412; x_wconf 86' lang='lat' dir='ltr'>LIBER</span> <span class='ocrx_word' id='word_1_20' title='bbox 1095 373 1483 413; x_wconf 86' lang='lat' dir='ltr'>111.—RUDES</span> <span class='ocrx_word' id='word_1_21' title='bbox 1511 373 1962 415; x_wconf 86' lang='lat' dir='ltr'>CATECHIZANDI</span> <span class='ocrx_word' id='word_1_22' title='bbox 2003 370 2360 417; x_wconf 79' lang='lat' dir='ltr'>METHonus.</span> 
     </span>
    </p>
   </div>
   <div class='ocr_carea' id='block_1_5' title="bbox 1855 470 2574 476">
    <p class='ocr_par' dir='ltr' id='par_1_5' title="bbox 1855 470 2574 476">
     <span class='ocr_line' id='line_1_19' title="bbox 1855 470 2574 476; baseline 0 0"><span class='ocrx_word' id='word_1_23' title='bbox 1855 470 2574 476; x_wconf 95' lang='lat' dir='ltr'> </span> 
     </span>
    </p>
   </div>
   <div class='ocr_carea' id='block_1_6' title="bbox 722 505 2372 3185">
    <p class='ocr_par' dir='ltr' id='par_1_6' title="bbox 722 505 2364 1514">
     <span class='ocr_line' id='line_1_20' title="bbox 722 505 2358 575; baseline 0.001 -15"><span class='ocrx_word' id='word_1_24' title='bbox 722 512 916 560; x_wconf 90' lang='lat' dir='ltr'>tantes</span> <span class='ocrx_word' id='word_1_25' title='bbox 989 505 1112 575; x_wconf 91' lang='lat' dir='ltr'>ejus</span> <span class='ocrx_word' id='word_1_26' title='bbox 1178 513 1442 560; x_wconf 88' lang='lat' dir='ltr'>sanctum</span> <span class='ocrx_word' id='word_1_27' title='bbox 1507 507 1855 560; x_wconf 88' lang='lat' dir='ltr'>adventum?</span> <span class='ocrx_word' id='word_1_28' title='bbox 1933 506 2172 561; x_wconf 85' lang='lat' dir='ltr'>Dicant:</span> <span class='ocrx_word' id='word_1_29' title='bbox 2252 509 2358 575; x_wconf 86' lang='lat' dir='ltr'>Ita,</span> 
     </span>
     <span class='ocr_line' id='line_1_21' title="bbox 724 592 2361 665; baseline 0.004 -21"><span class='ocrx_word' id='word_1_30' title='bbox 724 611 826 662; x_wconf 92' lang='lat' dir='ltr'>per</span> <span class='ocrx_word' id='word_1_31' title='bbox 882 592 989 645; x_wconf 94' lang='lat' dir='ltr'>Dei</span> <span class='ocrx_word' id='word_1_32' title='bbox 1055 593 1318 662; x_wconf 82' lang='lat' dir='ltr'><strong>gratiam,</strong></span> <span class='ocrx_word' id='word_1_33' title='bbox 1386 594 1690 658; x_wconf 82' lang='lat' dir='ltr'>credimuS,</span> <span class='ocrx_word' id='word_1_34' title='bbox 1757 602 1813 648; x_wconf 93' lang='lat' dir='ltr'>et</span> <span class='ocrx_word' id='word_1_35' title='bbox 1877 594 2185 665; x_wconf 83' lang='lat' dir='ltr'>petitiones</span> <span class='ocrx_word' id='word_1_36' title='bbox 2250 603 2361 651; x_wconf 86' lang='lat' dir='ltr'>Sta-</span> 
     </span>
     <span class='ocr_line' id='line_1_22' title="bbox 722 682 2359 752; baseline 0.003 -19"><span class='ocrx_word' id='word_1_37' title='bbox 722 682 829 734; x_wconf 88' lang='lat' dir='ltr'>tim</span> <span class='ocrx_word' id='word_1_38' title='bbox 892 689 1197 735; x_wconf 90' lang='lat' dir='ltr'>consuetas</span> <span class='ocrx_word' id='word_1_39' title='bbox 1255 682 1589 751; x_wconf 84' lang='lat' dir='ltr'>adjungant.</span> <span class='ocrx_word' id='word_1_40' title='bbox 1643 684 1794 736; x_wconf 91' lang='lat' dir='ltr'>Tum</span> <span class='ocrx_word' id='word_1_41' title='bbox 1849 682 2122 752; x_wconf 90' lang='lat' dir='ltr'>magister</span> <span class='ocrx_word' id='word_1_42' title='bbox 2180 682 2359 739; x_wconf 88' lang='lat' dir='ltr'>dicet:</span> 
     </span>
     <span class='ocr_line' id='line_1_23' title="bbox 728 767 2362 838; baseline 0.001 -17"><span class='ocrx_word' id='word_1_43' title='bbox 728 767 979 821; x_wconf 85' lang='lat' dir='ltr'>Creditis</span> <span class='ocrx_word' id='word_1_44' title='bbox 1031 767 1185 821; x_wconf 90' lang='lat' dir='ltr'>hunc</span> <span class='ocrx_word' id='word_1_45' title='bbox 1237 767 1424 838; x_wconf 89' lang='lat' dir='ltr'>ipsum</span> <span class='ocrx_word' id='word_1_46' title='bbox 1481 769 1796 822; x_wconf 93' lang='lat' dir='ltr'>Dominum</span> <span class='ocrx_word' id='word_1_47' title='bbox 1850 776 2129 832; x_wconf 88' lang='lat' dir='ltr'>nostrum,</span> <span class='ocrx_word' id='word_1_48' title='bbox 2183 787 2362 823; x_wconf 90' lang='lat' dir='ltr'>resur-</span> 
     </span>
     <span class='ocr_line' id='line_1_24' title="bbox 727 854 2361 924; baseline 0.001 -16"><span class='ocrx_word' id='word_1_49' title='bbox 727 854 940 908; x_wconf 83' lang='lat' dir='ltr'>rexisse</span> <span class='ocrx_word' id='word_1_50' title='bbox 998 854 1089 908; x_wconf 93' lang='lat' dir='ltr'>die</span> <span class='ocrx_word' id='word_1_51' title='bbox 1141 854 1330 919; x_wconf 90' lang='lat' dir='ltr'>tertia,</span> <span class='ocrx_word' id='word_1_52' title='bbox 1389 862 1593 924; x_wconf 85' lang='lat' dir='ltr'>postea</span> <span class='ocrx_word' id='word_1_53' title='bbox 1649 854 1975 909; x_wconf 84' lang='lat' dir='ltr'>ascendisse</span> <span class='ocrx_word' id='word_1_54' title='bbox 2027 854 2085 908; x_wconf 94' lang='lat' dir='ltr'>in</span> <span class='ocrx_word' id='word_1_55' title='bbox 2136 855 2361 922; x_wconf 83' lang='lat' dir='ltr'>coelum,</span> 
     </span>
     <span class='ocr_line' id='line_1_25' title="bbox 726 938 2362 1010; baseline 0.002 -18"><span class='ocrx_word' id='word_1_56' title='bbox 726 940 839 993; x_wconf 91' lang='lat' dir='ltr'>illic</span> <span class='ocrx_word' id='word_1_57' title='bbox 901 942 1098 993; x_wconf 92' lang='lat' dir='ltr'>sedere</span> <span class='ocrx_word' id='word_1_58' title='bbox 1165 942 1236 993; x_wconf 93' lang='lat' dir='ltr'>ad</span> <span class='ocrx_word' id='word_1_59' title='bbox 1300 942 1592 994; x_wconf 92' lang='lat' dir='ltr'>dexteram</span> <span class='ocrx_word' id='word_1_60' title='bbox 1657 941 1765 994; x_wconf 91' lang='lat' dir='ltr'>Dei</span> <span class='ocrx_word' id='word_1_61' title='bbox 1838 938 2024 995; x_wconf 84' lang='lat' dir='ltr'>Patris</span> <span class='ocrx_word' id='word_1_62' title='bbox 2087 942 2362 1010; x_wconf 92' lang='lat' dir='ltr'>Omnipo-</span> 
     </span>
     <span class='ocr_line' id='line_1_26' title="bbox 724 1026 2364 1095; baseline 0.001 -17"><span class='ocrx_word' id='word_1_63' title='bbox 724 1027 919 1090; x_wconf 80' lang='lat' dir='ltr'>tentiS,</span> <span class='ocrx_word' id='word_1_64' title='bbox 1000 1028 1152 1079; x_wconf 91' lang='lat' dir='ltr'>unde</span> <span class='ocrx_word' id='word_1_65' title='bbox 1229 1034 1504 1080; x_wconf 89' lang='lat' dir='ltr'>venturus</span> <span class='ocrx_word' id='word_1_66' title='bbox 1582 1034 1669 1080; x_wconf 89' lang='lat' dir='ltr'>est</span> <span class='ocrx_word' id='word_1_67' title='bbox 1742 1026 1999 1095; x_wconf 89' lang='lat' dir='ltr'>judicare</span> <span class='ocrx_word' id='word_1_68' title='bbox 2069 1026 2231 1080; x_wconf 90' lang='lat' dir='ltr'>vivos</span> <span class='ocrx_word' id='word_1_69' title='bbox 2309 1035 2364 1082; x_wconf 86' lang='lat' dir='ltr'>et</span> 
     </span>
     <span class='ocr_line' id='line_1_27' title="bbox 725 1112 2363 1181; baseline 0.001 -17"><span class='ocrx_word' id='word_1_70' title='bbox 725 1120 1001 1176; x_wconf 82' lang='lat' dir='ltr'>mortuOS,</span> <span class='ocrx_word' id='word_1_71' title='bbox 1056 1112 1403 1181; x_wconf 89' lang='lat' dir='ltr'>exquirendo</span> <span class='ocrx_word' id='word_1_72' title='bbox 1456 1119 1512 1166; x_wconf 91' lang='lat' dir='ltr'>et</span> <span class='ocrx_word' id='word_1_73' title='bbox 1564 1131 1667 1181; x_wconf 94' lang='lat' dir='ltr'>pro</span> <span class='ocrx_word' id='word_1_74' title='bbox 1721 1112 1938 1166; x_wconf 90' lang='lat' dir='ltr'>meritis</span> <span class='ocrx_word' id='word_1_75' title='bbox 1998 1131 2363 1167; x_wconf 91' lang='lat' dir='ltr'>remuneran-</span> 
     </span>
     <span class='ocr_line' id='line_1_28' title="bbox 726 1198 2363 1268; baseline 0.002 -18"><span class='ocrx_word' id='word_1_76' title='bbox 726 1198 801 1251; x_wconf 94' lang='lat' dir='ltr'>do</span> <span class='ocrx_word' id='word_1_77' title='bbox 862 1206 960 1251; x_wconf 89' lang='lat' dir='ltr'>aut</span> <span class='ocrx_word' id='word_1_78' title='bbox 1022 1198 1313 1267; x_wconf 91' lang='lat' dir='ltr'>puniendo</span> <span class='ocrx_word' id='word_1_79' title='bbox 1374 1199 1526 1252; x_wconf 93' lang='lat' dir='ltr'>bona</span> <span class='ocrx_word' id='word_1_80' title='bbox 1587 1205 1643 1253; x_wconf 91' lang='lat' dir='ltr'>et</span> <span class='ocrx_word' id='word_1_81' title='bbox 1706 1198 1856 1253; x_wconf 90' lang='lat' dir='ltr'>mala</span> <span class='ocrx_word' id='word_1_82' title='bbox 1907 1217 2034 1268; x_wconf 85' lang='lat' dir='ltr'>quae</span> <span class='ocrx_word' id='word_1_83' title='bbox 2086 1198 2165 1253; x_wconf 92' lang='lat' dir='ltr'>illi</span> <span class='ocrx_word' id='word_1_84' title='bbox 2222 1198 2363 1253; x_wconf 87' lang='lat' dir='ltr'>fece-</span> 
     </span>
     <span class='ocr_line' id='line_1_29' title="bbox 725 1284 2364 1355; baseline 0.001 -18"><span class='ocrx_word' id='word_1_85' title='bbox 725 1284 875 1338; x_wconf 87' lang='lat' dir='ltr'>rint?</span> <span class='ocrx_word' id='word_1_86' title='bbox 943 1286 1425 1354; x_wconf 88' lang='lat' dir='ltr'>Respondebunt:</span> <span class='ocrx_word' id='word_1_87' title='bbox 1493 1284 1667 1338; x_wconf 82' lang='lat' dir='ltr'>Plane</span> <span class='ocrx_word' id='word_1_88' title='bbox 1730 1284 1829 1349; x_wconf 90' lang='lat' dir='ltr'>ita,</span> <span class='ocrx_word' id='word_1_89' title='bbox 1902 1304 2003 1354; x_wconf 91' lang='lat' dir='ltr'>per</span> <span class='ocrx_word' id='word_1_90' title='bbox 2074 1285 2182 1339; x_wconf 94' lang='lat' dir='ltr'>Dei</span> <span class='ocrx_word' id='word_1_91' title='bbox 2243 1304 2364 1355; x_wconf 91' lang='lat' dir='ltr'>gra-</span> 
     </span>
     <span class='ocr_line' id='line_1_30' title="bbox 724 1370 2363 1441; baseline 0.002 -17"><span class='ocrx_word' id='word_1_92' title='bbox 724 1370 867 1424; x_wconf 92' lang='lat' dir='ltr'>tiam</span> <span class='ocrx_word' id='word_1_93' title='bbox 933 1370 1237 1424; x_wconf 90' lang='lat' dir='ltr'>credimus.</span> <span class='ocrx_word' id='word_1_94' title='bbox 1329 1371 1729 1441; x_wconf 89' lang='lat' dir='ltr'>Adjungentur</span> <span class='ocrx_word' id='word_1_95' title='bbox 1791 1371 2098 1441; x_wconf 88' lang='lat' dir='ltr'>petitiones</span> <span class='ocrx_word' id='word_1_96' title='bbox 2163 1371 2363 1439; x_wconf 87' lang='lat' dir='ltr'>solitae,</span> 
     </span>
     <span class='ocr_line' id='line_1_31' title="bbox 725 1461 1364 1514; baseline -0.002 -1"><span class='ocrx_word' id='word_1_97' title='bbox 725 1478 854 1514; x_wconf 90' lang='lat' dir='ltr'>cum</span> <span class='ocrx_word' id='word_1_98' title='bbox 909 1461 1072 1513; x_wconf 76' lang='lat' dir='ltr'>Pater</span> <span class='ocrx_word' id='word_1_99' title='bbox 1122 1468 1178 1514; x_wconf 91' lang='lat' dir='ltr'>et</span> <span class='ocrx_word' id='word_1_100' title='bbox 1228 1461 1364 1513; x_wconf 81' lang='lat' dir='ltr'>Ave.</span> 
     </span>
    </p>

    <p class='ocr_par' dir='ltr' id='par_1_7' title="bbox 722 1546 2372 3185">
     <span class='ocr_line' id='line_1_32' title="bbox 802 1546 2363 1612; baseline 0.001 -13"><span class='ocrx_word' id='word_1_101' title='bbox 802 1547 920 1599; x_wconf 86' lang='lat' dir='ltr'>Sub</span> <span class='ocrx_word' id='word_1_102' title='bbox 963 1547 1088 1600; x_wconf 90' lang='lat' dir='ltr'>haec</span> <span class='ocrx_word' id='word_1_103' title='bbox 1131 1546 1471 1601; x_wconf 88' lang='lat' dir='ltr'>catechista:</span> <span class='ocrx_word' id='word_1_104' title='bbox 1529 1548 1854 1601; x_wconf 87' lang='lat' dir='ltr'>Creditisne</span> <span class='ocrx_word' id='word_1_105' title='bbox 1897 1566 2020 1601; x_wconf 88' lang='lat' dir='ltr'>esse</span> <span class='ocrx_word' id='word_1_106' title='bbox 2062 1547 2363 1612; x_wconf 87' lang='lat' dir='ltr'>infernum,</span> 
     </span>
     <span class='ocr_line' id='line_1_33' title="bbox 726 1630 2364 1702; baseline -0.001 -15"><span class='ocrx_word' id='word_1_107' title='bbox 726 1634 837 1688; x_wconf 90' lang='lat' dir='ltr'>hoc</span> <span class='ocrx_word' id='word_1_108' title='bbox 865 1643 969 1699; x_wconf 88' lang='lat' dir='ltr'>est,</span> <span class='ocrx_word' id='word_1_109' title='bbox 1000 1652 1200 1702; x_wconf 92' lang='lat' dir='ltr'>rogum</span> <span class='ocrx_word' id='word_1_110' title='bbox 1240 1630 1537 1697; x_wconf 87' lang='lat' dir='ltr'>aeternum,</span> <span class='ocrx_word' id='word_1_111' title='bbox 1577 1653 1690 1702; x_wconf 90' lang='lat' dir='ltr'>quo</span> <span class='ocrx_word' id='word_1_112' title='bbox 1728 1634 1850 1687; x_wconf 87' lang='lat' dir='ltr'>sine</span> <span class='ocrx_word' id='word_1_113' title='bbox 1886 1635 1998 1687; x_wconf 91' lang='lat' dir='ltr'>fine</span> <span class='ocrx_word' id='word_1_114' title='bbox 2035 1634 2364 1687; x_wconf 92' lang='lat' dir='ltr'>cruciabun-</span> 
     </span>
     <span class='ocr_line' id='line_1_34' title="bbox 722 1719 2366 1790; baseline 0.001 -16"><span class='ocrx_word' id='word_1_115' title='bbox 722 1728 816 1774; x_wconf 90' lang='lat' dir='ltr'>tur</span> <span class='ocrx_word' id='word_1_116' title='bbox 862 1719 958 1788; x_wconf 92' lang='lat' dir='ltr'>qui</span> <span class='ocrx_word' id='word_1_117' title='bbox 1003 1720 1214 1772; x_wconf 86' lang='lat' dir='ltr'>mortui</span> <span class='ocrx_word' id='word_1_118' title='bbox 1257 1719 1463 1772; x_wconf 87' lang='lat' dir='ltr'>fuerint</span> <span class='ocrx_word' id='word_1_119' title='bbox 1510 1729 1762 1773; x_wconf 85' lang='lat' dir='ltr'>exsortes</span> <span class='ocrx_word' id='word_1_120' title='bbox 1807 1722 2005 1790; x_wconf 75' lang='lat' dir='ltr'>gratiae</span> <span class='ocrx_word' id='word_1_121' title='bbox 2052 1722 2187 1785; x_wconf 82' lang='lat' dir='ltr'>Dei3</span> <span class='ocrx_word' id='word_1_122' title='bbox 2242 1738 2366 1775; x_wconf 86' lang='lat' dir='ltr'>esse</span> 
     </span>
     <span class='ocr_line' id='line_1_35' title="bbox 726 1807 2365 1876; baseline -0.001 -16"><span class='ocrx_word' id='word_1_123' title='bbox 726 1808 901 1861; x_wconf 86' lang='lat' dir='ltr'>etiam</span> <span class='ocrx_word' id='word_1_124' title='bbox 954 1808 1283 1876; x_wconf 78' lang='lat' dir='ltr'>paradisum</span> <span class='ocrx_word' id='word_1_125' title='bbox 1347 1816 1403 1861; x_wconf 95' lang='lat' dir='ltr'>et</span> <span class='ocrx_word' id='word_1_126' title='bbox 1465 1808 1703 1875; x_wconf 88' lang='lat' dir='ltr'>gloriam</span> <span class='ocrx_word' id='word_1_127' title='bbox 1767 1815 2041 1861; x_wconf 81' lang='lat' dir='ltr'>aeternam</span> <span class='ocrx_word' id='word_1_128' title='bbox 2094 1826 2207 1875; x_wconf 91' lang='lat' dir='ltr'>qua</span> <span class='ocrx_word' id='word_1_129' title='bbox 2257 1807 2365 1860; x_wconf 92' lang='lat' dir='ltr'>fru-</span> 
     </span>
     <span class='ocr_line' id='line_1_36' title="bbox 725 1892 2362 1962; baseline -0.002 -14"><span class='ocrx_word' id='word_1_130' title='bbox 725 1901 893 1948; x_wconf 86' lang='lat' dir='ltr'>entur</span> <span class='ocrx_word' id='word_1_131' title='bbox 943 1893 1079 1947; x_wconf 91' lang='lat' dir='ltr'>boni</span> <span class='ocrx_word' id='word_1_132' title='bbox 1126 1893 1222 1961; x_wconf 88' lang='lat' dir='ltr'>qui</span> <span class='ocrx_word' id='word_1_133' title='bbox 1267 1892 1446 1946; x_wconf 89' lang='lat' dir='ltr'>vitam</span> <span class='ocrx_word' id='word_1_134' title='bbox 1500 1893 1847 1961; x_wconf 85' lang='lat' dir='ltr'>expleverint</span> <span class='ocrx_word' id='word_1_135' title='bbox 1894 1894 1952 1945; x_wconf 93' lang='lat' dir='ltr'>in</span> <span class='ocrx_word' id='word_1_136' title='bbox 2001 1894 2109 1945; x_wconf 92' lang='lat' dir='ltr'>Dei</span> <span class='ocrx_word' id='word_1_137' title='bbox 2151 1895 2334 1962; x_wconf 90' lang='lat' dir='ltr'>gratia</span> <span class='ocrx_word' id='word_1_138' title='bbox 2349 1913 2362 1955; x_wconf 84' lang='lat'><em>3</em></span> 
     </span>
     <span class='ocr_line' id='line_1_37' title="bbox 727 1981 2366 2052; baseline -0.001 -17"><span class='ocrx_word' id='word_1_139' title='bbox 727 2000 852 2035; x_wconf 90' lang='lat' dir='ltr'>esse</span> <span class='ocrx_word' id='word_1_140' title='bbox 923 1981 1169 2052; x_wconf 91' lang='lat' dir='ltr'>denique</span> <span class='ocrx_word' id='word_1_141' title='bbox 1239 1981 1632 2051; x_wconf 92' lang='lat' dir='ltr'>purgatorium</span> <span class='ocrx_word' id='word_1_142' title='bbox 1704 1982 1762 2034; x_wconf 93' lang='lat' dir='ltr'>in</span> <span class='ocrx_word' id='word_1_143' title='bbox 1839 1999 1953 2051; x_wconf 90' lang='lat' dir='ltr'>quo</span> <span class='ocrx_word' id='word_1_144' title='bbox 2015 1981 2224 2036; x_wconf 87' lang='lat' dir='ltr'>animae</span> <span class='ocrx_word' id='word_1_145' title='bbox 2295 1981 2366 2034; x_wconf 94' lang='lat' dir='ltr'>ad</span> 
     </span>
     <span class='ocr_line' id='line_1_38' title="bbox 727 2067 2366 2138; baseline -0.002 -14"><span class='ocrx_word' id='word_1_146' title='bbox 727 2078 947 2124; x_wconf 88' lang='lat' dir='ltr'>certum</span> <span class='ocrx_word' id='word_1_147' title='bbox 990 2077 1219 2137; x_wconf 87' lang='lat' dir='ltr'>tempus</span> <span class='ocrx_word' id='word_1_148' title='bbox 1262 2067 1621 2121; x_wconf 89' lang='lat' dir='ltr'>satisfaciunt</span> <span class='ocrx_word' id='word_1_149' title='bbox 1665 2068 1872 2122; x_wconf 89' lang='lat' dir='ltr'>divinae</span> <span class='ocrx_word' id='word_1_150' title='bbox 1909 2068 2169 2138; x_wconf 81' lang='lat' dir='ltr'>justitiae,</span> <span class='ocrx_word' id='word_1_151' title='bbox 2213 2068 2366 2122; x_wconf 92' lang='lat' dir='ltr'>luen-</span> 
     </span>
     <span class='ocr_line' id='line_1_39' title="bbox 725 2155 2364 2227; baseline -0.001 -16"><span class='ocrx_word' id='word_1_152' title='bbox 725 2159 800 2211; x_wconf 94' lang='lat' dir='ltr'>do</span> <span class='ocrx_word' id='word_1_153' title='bbox 839 2176 1041 2227; x_wconf 88' lang='lat' dir='ltr'>poenas</span> <span class='ocrx_word' id='word_1_154' title='bbox 1091 2175 1323 2210; x_wconf 92' lang='lat' dir='ltr'>suorum</span> <span class='ocrx_word' id='word_1_155' title='bbox 1372 2163 1760 2226; x_wconf 90' lang='lat' dir='ltr'>peccatorum,</span> <span class='ocrx_word' id='word_1_156' title='bbox 1811 2174 2054 2226; x_wconf 88' lang='lat' dir='ltr'>quorum</span> <span class='ocrx_word' id='word_1_157' title='bbox 2104 2155 2212 2210; x_wconf 88' lang='lat' dir='ltr'>etsi</span> <span class='ocrx_word' id='word_1_158' title='bbox 2253 2155 2364 2210; x_wconf 93' lang='grc'>6111-</span> 
     </span>
     <span class='ocr_line' id='line_1_40' title="bbox 723 2233 2365 2315; baseline -0.001 -18"><span class='ocrx_word' id='word_1_159' title='bbox 723 2264 858 2315; x_wconf 90' lang='lat' dir='ltr'>pam</span> <span class='ocrx_word' id='word_1_160' title='bbox 900 2246 958 2297; x_wconf 92' lang='lat' dir='ltr'>in</span> <span class='ocrx_word' id='word_1_161' title='bbox 996 2245 1115 2298; x_wconf 88' lang='lat' dir='ltr'>vita</span> <span class='ocrx_word' id='word_1_162' title='bbox 1158 2244 1487 2308; x_wconf 88' lang='lat' dir='ltr'>deleverint,</span> <span class='ocrx_word' id='word_1_163' title='bbox 1532 2233 1763 2313; x_wconf 87' lang='lat' dir='ltr'>poenam</span> <span class='ocrx_word' id='word_1_164' title='bbox 1792 2251 1988 2298; x_wconf 86' lang='lat' dir='ltr'>tamen</span> <span class='ocrx_word' id='word_1_165' title='bbox 2016 2243 2085 2297; x_wconf 92' lang='lat' dir='ltr'>iis</span> <span class='ocrx_word' id='word_1_166' title='bbox 2113 2242 2365 2298; x_wconf 89' lang='lat' dir='ltr'>debitam</span> 
     </span>
     <span class='ocr_line' id='line_1_41' title="bbox 728 2330 2367 2403; baseline -0.001 -18"><span class='ocrx_word' id='word_1_167' title='bbox 728 2352 843 2386; x_wconf 91' lang='lat' dir='ltr'>non</span> <span class='ocrx_word' id='word_1_168' title='bbox 904 2334 1071 2403; x_wconf 88' lang='lat' dir='ltr'>plene</span> <span class='ocrx_word' id='word_1_169' title='bbox 1146 2333 1549 2386; x_wconf 86' lang='lat' dir='ltr'>exsolverunt?</span> <span class='ocrx_word' id='word_1_170' title='bbox 1620 2333 1837 2386; x_wconf 85' lang='lat' dir='ltr'>Addet:</span> <span class='ocrx_word' id='word_1_171' title='bbox 1918 2330 2169 2386; x_wconf 89' lang='lat' dir='ltr'>Creditis</span> <span class='ocrx_word' id='word_1_172' title='bbox 2246 2347 2367 2398; x_wconf 88' lang='lat' dir='ltr'>sep-</span> 
     </span>
     <span class='ocr_line' id='line_1_42' title="bbox 724 2418 2368 2482; baseline -0.002 -8"><span class='ocrx_word' id='word_1_173' title='bbox 724 2427 842 2475; x_wconf 87' lang='lat' dir='ltr'>tem</span> <span class='ocrx_word' id='word_1_174' title='bbox 893 2421 1287 2482; x_wconf 82' lang='lat' dir='ltr'>Sacramenta,</span> <span class='ocrx_word' id='word_1_175' title='bbox 1357 2419 1681 2472; x_wconf 89' lang='lat' dir='ltr'>universam</span> <span class='ocrx_word' id='word_1_176' title='bbox 1752 2418 2074 2471; x_wconf 87' lang='lat' dir='ltr'>doctrinam</span> <span class='ocrx_word' id='word_1_177' title='bbox 2144 2425 2368 2470; x_wconf 89' lang='lat' dir='ltr'>sancto-</span> 
     </span>
     <span class='ocr_line' id='line_1_43' title="bbox 724 2505 2369 2577; baseline -0.001 -18"><span class='ocrx_word' id='word_1_178' title='bbox 724 2526 851 2559; x_wconf 94' lang='lat' dir='ltr'>rum</span> <span class='ocrx_word' id='word_1_179' title='bbox 899 2506 1363 2576; x_wconf 84' lang='lat' dir='ltr'>Evangeliorum,</span> <span class='ocrx_word' id='word_1_180' title='bbox 1409 2515 1465 2559; x_wconf 92' lang='lat' dir='ltr'>et</span> <span class='ocrx_word' id='word_1_181' title='bbox 1519 2507 1798 2577; x_wconf 91' lang='lat' dir='ltr'>quidquid</span> <span class='ocrx_word' id='word_1_182' title='bbox 1859 2514 2138 2577; x_wconf 84' lang='lat' dir='ltr'>praeterea</span> <span class='ocrx_word' id='word_1_183' title='bbox 2189 2505 2369 2560; x_wconf 83' lang='lat' dir='ltr'>eredit</span> 
     </span>
     <span class='ocr_line' id='line_1_44' title="bbox 724 2592 2366 2663; baseline -0.002 -16"><span class='ocrx_word' id='word_1_184' title='bbox 724 2603 781 2648; x_wconf 90' lang='lat' dir='ltr'>et</span> <span class='ocrx_word' id='word_1_185' title='bbox 835 2596 1135 2663; x_wconf 89' lang='lat' dir='ltr'>profitetur</span> <span class='ocrx_word' id='word_1_186' title='bbox 1187 2602 1387 2648; x_wconf 91' lang='lat' dir='ltr'>sancta</span> <span class='ocrx_word' id='word_1_187' title='bbox 1443 2594 1704 2647; x_wconf 87' lang='lat' dir='ltr'>Ecclesia</span> <span class='ocrx_word' id='word_1_188' title='bbox 1759 2594 2058 2647; x_wconf 86' lang='lat' dir='ltr'>Romana?</span> <span class='ocrx_word' id='word_1_189' title='bbox 2125 2592 2366 2646; x_wconf 90' lang='lat' dir='ltr'>Dicent:</span> 
     </span>
     <span class='ocr_line' id='line_1_45' title="bbox 726 2680 2369 2750; baseline -0.002 -15"><span class='ocrx_word' id='word_1_190' title='bbox 726 2683 952 2736; x_wconf 89' lang='lat' dir='ltr'>Cuncta</span> <span class='ocrx_word' id='word_1_191' title='bbox 1003 2681 1132 2744; x_wconf 89' lang='lat' dir='ltr'>ista,</span> <span class='ocrx_word' id='word_1_192' title='bbox 1186 2700 1288 2750; x_wconf 91' lang='lat' dir='ltr'>per</span> <span class='ocrx_word' id='word_1_193' title='bbox 1349 2681 1457 2733; x_wconf 90' lang='lat' dir='ltr'>Dei</span> <span class='ocrx_word' id='word_1_194' title='bbox 1516 2681 1779 2750; x_wconf 87' lang='lat' dir='ltr'>gratiam,</span> <span class='ocrx_word' id='word_1_195' title='bbox 1840 2680 2145 2734; x_wconf 60' lang='lat' dir='ltr'>credimus</span> <span class='ocrx_word' id='word_1_196' title='bbox 2233 2681 2369 2732; x_wconf 92' lang='lat' dir='ltr'>Mox</span> 
     </span>
     <span class='ocr_line' id='line_1_46' title="bbox 727 2768 2369 2838; baseline -0.002 -16"><span class='ocrx_word' id='word_1_197' title='bbox 727 2769 938 2822; x_wconf 88' lang='lat' dir='ltr'>facient</span> <span class='ocrx_word' id='word_1_198' title='bbox 998 2769 1308 2838; x_wconf 90' lang='lat' dir='ltr'>petitiones</span> <span class='ocrx_word' id='word_1_199' title='bbox 1364 2769 1525 2832; x_wconf 83' lang='lat' dir='ltr'>duaS‚</span> <span class='ocrx_word' id='word_1_200' title='bbox 1590 2787 1720 2821; x_wconf 93' lang='lat' dir='ltr'>cum</span> <span class='ocrx_word' id='word_1_201' title='bbox 1791 2768 2035 2821; x_wconf 88' lang='lat' dir='ltr'>totidem</span> <span class='ocrx_word' id='word_1_202' title='bbox 2095 2769 2259 2820; x_wconf 79' lang='lat' dir='ltr'>Pater</span> <span class='ocrx_word' id='word_1_203' title='bbox 2314 2772 2369 2818; x_wconf 87' lang='lat' dir='ltr'>et</span> 
     </span>
     <span class='ocr_line' id='line_1_47' title="bbox 724 2852 2372 2924; baseline -0.002 -16"><span class='ocrx_word' id='word_1_204' title='bbox 724 2859 860 2909; x_wconf 78' lang='lat' dir='ltr'>Ave.</span> <span class='ocrx_word' id='word_1_205' title='bbox 930 2857 1100 2909; x_wconf 89' lang='lat' dir='ltr'>Dicet</span> <span class='ocrx_word' id='word_1_206' title='bbox 1152 2856 1247 2908; x_wconf 88' lang='lat' dir='ltr'>hic</span> <span class='ocrx_word' id='word_1_207' title='bbox 1312 2855 1610 2924; x_wconf 88' lang='lat' dir='ltr'>magister:</span> <span class='ocrx_word' id='word_1_208' title='bbox 1670 2856 1815 2908; x_wconf 88' lang='lat' dir='ltr'>Haec</span> <span class='ocrx_word' id='word_1_209' title='bbox 1869 2854 2081 2923; x_wconf 88' lang='lat' dir='ltr'>septies</span> <span class='ocrx_word' id='word_1_210' title='bbox 2133 2852 2372 2907; x_wconf 88' lang='lat' dir='ltr'>recitata</span> 
     </span>
     <span class='ocr_line' id='line_1_48' title="bbox 726 2939 2370 3009; baseline -0.003 -13"><span class='ocrx_word' id='word_1_211' title='bbox 726 2944 889 2996; x_wconf 76' lang='lat' dir='ltr'>Pater</span> <span class='ocrx_word' id='word_1_212' title='bbox 928 2949 983 2995; x_wconf 94' lang='lat' dir='ltr'>et</span> <span class='ocrx_word' id='word_1_213' title='bbox 1031 2943 1148 2994; x_wconf 79' lang='lat' dir='ltr'>Ave</span> <span class='ocrx_word' id='word_1_214' title='bbox 1197 2941 1501 2995; x_wconf 83' lang='lat' dir='ltr'>offeramus</span> <span class='ocrx_word' id='word_1_215' title='bbox 1551 2940 1788 3009; x_wconf 86' lang='lat' dir='ltr'>Spiritui</span> <span class='ocrx_word' id='word_1_216' title='bbox 1843 2949 2062 3004; x_wconf 88' lang='lat' dir='ltr'>sanct0,</span> <span class='ocrx_word' id='word_1_217' title='bbox 2105 2948 2167 2993; x_wconf 95' lang='lat' dir='ltr'>ut</span> <span class='ocrx_word' id='word_1_218' title='bbox 2220 2939 2370 2991; x_wconf 92' lang='lat' dir='ltr'>locu-</span> 
     </span>
     <span class='ocr_line' id='line_1_49' title="bbox 727 3026 2370 3098; baseline -0.004 -16"><span class='ocrx_word' id='word_1_219' title='bbox 727 3029 944 3098; x_wconf 90' lang='lat' dir='ltr'>pletare</span> <span class='ocrx_word' id='word_1_220' title='bbox 993 3037 1220 3081; x_wconf 91' lang='lat' dir='ltr'>nostras</span> <span class='ocrx_word' id='word_1_221' title='bbox 1269 3029 1492 3080; x_wconf 91' lang='lat' dir='ltr'>animas</span> <span class='ocrx_word' id='word_1_222' title='bbox 1541 3029 1806 3096; x_wconf 84' lang='lat' dir='ltr'>dignetur</span> <span class='ocrx_word' id='word_1_223' title='bbox 1845 3028 1963 3080; x_wconf 89' lang='lat' dir='ltr'>suis</span> <span class='ocrx_word' id='word_1_224' title='bbox 2011 3035 2232 3096; x_wconf 91' lang='lat' dir='ltr'>septem</span> <span class='ocrx_word' id='word_1_225' title='bbox 2274 3026 2370 3077; x_wconf 94' lang='lat' dir='ltr'>do-</span> 
     </span>
     <span class='ocr_line' id='line_1_50' title="bbox 729 3111 2371 3185; baseline -0.003 -16"><span class='ocrx_word' id='word_1_226' title='bbox 729 3117 836 3181; x_wconf 89' lang='lat' dir='ltr'>nis,</span> <span class='ocrx_word' id='word_1_227' title='bbox 890 3117 1209 3185; x_wconf 81' lang='lat' dir='ltr'>praesertim</span> <span class='ocrx_word' id='word_1_228' title='bbox 1259 3116 1329 3169; x_wconf 92' lang='lat' dir='ltr'>iis</span> <span class='ocrx_word' id='word_1_229' title='bbox 1374 3134 1504 3184; x_wconf 85' lang='lat' dir='ltr'>quae</span> <span class='ocrx_word' id='word_1_230' title='bbox 1554 3133 1660 3169; x_wconf 93' lang='lat' dir='ltr'>nos</span> <span class='ocrx_word' id='word_1_231' title='bbox 1707 3116 1979 3184; x_wconf 89' lang='lat' dir='ltr'>adjuvare</span> <span class='ocrx_word' id='word_1_232' title='bbox 2018 3120 2260 3185; x_wconf 92' lang='lat' dir='ltr'>possunt</span> <span class='ocrx_word' id='word_1_233' title='bbox 2300 3111 2371 3164; x_wconf 90' lang='lat' dir='ltr'>ad</span> 
     </span>
    </p>
   </div>
  </div>
 </body>
</html>
