2815 3911
733 357 916 395 LIBER
954 358 1007 395 V.
1027 357 1407 396 -EPISTOLA
1446 357 1525 394 VI.
1836 356 1940 408 323

315 506 372 550 te
417 497 756 568 praemunire
801 497 1181 549 necessarium
1227 498 1390 561 duco,
1437 496 1529 567 qui
1573 494 1803 566 flagitiis
1847 496 1941 549 de-

318 587 506 650 mersi,
560 595 750 640 tecum
808 595 1001 640 tamen
1066 587 1507 640 familiaritatem
1575 586 1941 650 affectabunt,

317 673 692 741 certatimque
736 673 990 726 civilibus
1033 673 1230 726 officiis
1273 673 1585 727 amicitiam
1626 680 1785 726 tuam
1825 689 1943 725 am-

316 761 490 824 bient,
534 779 647 813 non
690 760 802 813 ullo
843 760 1123 813 desiderio
1162 760 1495 829 proficiendi
1536 779 1602 813 ex
1639 777 1945 830 congressu

317 864 691 914 sermoneque
748 856 848 900 tuo
908 849 979 899 ad
1032 849 1492 900 emendationem
1548 848 1834 915 nequitiae,
1888 848 1946 899 in

316 952 429 1001 qua
493 934 799 1001 perdurare
865 934 936 985 ad
1000 941 1314 986 extremum
1382 935 1780 995 decreverunt,
1848 933 1947 986 sed

316 1028 377 1072 ut
422 1020 525 1072 tibi
578 1039 640 1071 os
692 1021 992 1072 obstruant
1046 1028 1101 1072 et
1154 1020 1403 1088 linguam
1457 1021 1728 1082 vinciant,
1784 1020 1946 1088 cujus

315 1107 717 1174 pertimescere
758 1125 1056 1160 censuram
1098 1126 1214 1160 suae
1256 1108 1410 1176 ipsos
1449 1107 1802 1161 conscientia
1845 1108 1946 1159 im-

315 1193 619 1261 probitatis
671 1194 961 1246 admonet.
1032 1195 1157 1246 Hos
1203 1213 1273 1246 ne
1320 1194 1486 1262 plane
1532 1194 1771 1263 repellas
1817 1213 1944 1247 cen-

317 1297 432 1342 se0,
488 1287 585 1333 aut
639 1298 833 1333 eorum
888 1281 1161 1349 obsequia
1213 1299 1444 1350 prorsus
1497 1299 1824 1351 aspernere:
1875 1299 1945 1334 ne

316 1365 685 1419 invitationes
726 1366 955 1435 quidem
996 1368 1068 1420 ad
1110 1385 1386 1431 mensam,
1435 1376 1533 1422 aut
1580 1386 1817 1422 munera
1863 1386 1944 1422 re-

309 1452 491 1521 jicias,
535 1453 581 1506 si
623 1454 849 1507 modica
888 1462 1037 1518 sunt,
1081 1473 1186 1508 nec
1226 1456 1420 1524 magni
1456 1456 1641 1524 pretii,
1680 1463 1741 1510 ut
1775 1474 1941 1525 aqua,

314 1541 529 1595 fructus
574 1551 849 1606 recenteS,
898 1551 952 1596 et
1000 1562 1126 1612 quae
1173 1552 1304 1596 sunt
1351 1539 1472 1613 ejus
1518 1545 1758 1613 generiS,
1807 1562 1941 1612 qua-

311 1629 385 1681 lia
438 1630 684 1682 recusari
737 1630 1036 1682 offerentes
1088 1631 1296 1699 probro
1350 1632 1584 1694 ducunt,
1638 1647 1795 1683 more
1861 1631 1942 1682 in-

312 1724 399 1768 ter
465 1716 773 1769 Lusitanos
837 1716 929 1769 hic
993 1718 1050 1769 in
1118 1718 1282 1769 India
1346 1725 1602 1785 recepto:
1671 1725 1942 1770 caeterum

313 1820 428 1869 prae
481 1811 538 1855 te
591 1802 673 1855 fer
724 1811 779 1856 et
831 1803 1003 1855 libere
1049 1804 1348 1866 denuncia,
1398 1822 1464 1856 ea
1509 1812 1566 1856 te
1613 1802 1943 1857 conditione

314 1888 650 1940 munuscula
694 1888 945 1957 ipsorum
994 1889 1313 1951 admittere,
1357 1890 1402 1941 si
1430 1889 1680 1941 vicissim
1710 1888 1786 1939 illi
1813 1895 1944 1940 tuas

313 1974 735 2027 admonitiones
804 1982 859 2027 et
929 1974 1361 2028 adhortationes
1436 1975 1572 2028 boni
1649 1973 1944 2028 consulere

313 2060 426 2112 sint
478 2060 688 2129 parati3
743 2060 1076 2128 promittere
1122 2079 1348 2129 quoque
1394 2061 1466 2113 ad
1513 2079 1759 2122 coenam,
1810 2077 1940 2112 cum

313 2147 384 2198 ab
437 2146 544 2199 illis
594 2147 833 2209 vocariS,
888 2148 997 2200 ista
1050 2148 1278 2199 demum
1332 2147 1471 2215 lege,
1521 2147 1567 2199 si
1613 2146 1828 2214 pariter
1869 2146 1941 2198 ad

312 2231 731 2285 confessionem
767 2240 1152 2301 peccatorum,
1192 2241 1247 2285 et
1282 2232 1783 2302 participationem
1827 2233 1940 2285 Eu-

313 2319 599 2372 charistici
653 2320 819 2388 epuli,
874 2320 998 2388 ipsi,
1052 2331 1109 2372 te
1156 2320 1450 2384 invitante,
1500 2339 1558 2372 se
1615 2319 1939 2388 accingant.

316 2408 491 2460 Porro
531 2408 640 2460 ista
677 2426 802 2475 quae
846 2408 958 2460 dixi
1002 2425 1115 2460 non
1160 2408 1364 2461 debere
1407 2408 1563 2477 rejici
1605 2415 1759 2462 metu
1801 2406 1941 2460 ami-

312 2495 462 2549 citiae
527 2494 801 2547 laedendae
868 2494 1203 2546 munuscula
1268 2494 1707 2557 esculentorum,
1774 2493 1943 2546 simul

312 2583 619 2651 acceperis,
685 2583 958 2634 continuo
1023 2582 1095 2634 ad
1159 2600 1340 2648 aegros
1402 2581 1459 2633 in
1523 2580 1940 2643 nosocomium,
2019 2649 2023 2653 .

314 2671 386 2724 ad
431 2671 654 2723 vinctos
700 2670 759 2721 in
806 2668 1112 2732 custodias,
1161 2676 1255 2720 aut
1304 2676 1534 2737 egentes
1577 2667 1718 2720 alios
1759 2675 1942 2720 trans-

314 2758 498 2812 mitte.
549 2757 819 2810 Probabit
867 2764 922 2809 et
970 2756 1396 2809 commendabit
1449 2755 1650 2809 videns
1702 2754 1946 2824 populus

316 2845 488 2898 talem
544 2852 912 2914 acceptorum
959 2864 992 2896 a
1036 2851 1092 2896 te
1141 2862 1439 2895 munerum
1487 2862 1671 2906 usum,
1722 2849 1777 2895 et
1825 2859 1942 2894 om-

316 2935 374 2986 ni
417 2943 474 2987 te
518 2934 867 2995 deliciarum,
913 2941 1010 2984 aut
1053 2940 1393 3000 quaestuosae
1436 2932 1633 2999 gratiae
1676 2930 1947 2999 suspicio-

315 3040 385 3075 ne
436 3021 711 3083 absolvet.

391 3111 477 3160 De
543 3109 850 3160 diversorio
914 3108 1035 3168 tibi,
1104 3107 1333 3174 quando
1404 3105 1533 3157 illuc
1604 3105 1946 3173 perveneris,
