2815 3911
795 354 978 416 LIBER
1016 380 1069 417 v.
1089 396 1160 402 —
1178 381 1470 418 EPISTOLA
1514 381 1550 417 1.
1880 360 1984 426 363

354 508 624 581 praeclare
675 508 764 579 agi
818 529 945 562 cum
1000 511 1354 564 naviculariis
1398 510 1677 572 videatur,
1726 506 1773 559 si
1819 504 1984 558 alter-

356 615 443 651 nae
491 615 663 651 naves
706 598 1048 669 Japonicum
1095 608 1326 653 teneant
1373 616 1621 653 cursum.
1678 598 1805 665 Ego
1848 610 1984 646 vero

354 684 620 738 interiore
685 686 933 753 quodam
992 686 1166 738 animi
1219 705 1385 741 sensu
1441 686 1521 739 sic
1573 684 1810 738 affectus
1863 680 1981 734 ani-

355 780 655 841 matusque
713 790 857 835 sum,
918 780 977 824 ut
1028 772 1319 844 Japonicae
1373 769 1747 841 profectionis
1798 767 1984 820 consi-

352 860 488 911 lium
554 860 936 927 abjiciendum
1003 861 1140 911 mihi
1205 879 1317 912 non
1382 871 1598 928 putem,
1654 877 1725 911 ne
1778 858 1826 908 si
1879 873 1984 925 pro

353 952 509 998 certo
551 945 781 1012 quidem
824 944 1065 998 habeam
1114 946 1330 1013 majora
1369 945 1699 999 discrimina
1739 943 1982 996 subeun-

353 1032 444 1095 da,
492 1051 664 1100 quam
712 1052 961 1101 unquam
1009 1041 1176 1084 antea
1222 1033 1277 1084 in
1331 1032 1486 1084 omni
1538 1031 1673 1083 vita.
1728 1031 1981 1082 Tantam

353 1117 492 1170 mihi
533 1136 694 1186 spem
735 1118 1059 1172 christianae
1101 1120 1383 1188 religionis
1417 1119 1803 1187 propagandae
1840 1118 1982 1169 Pau-

350 1204 387 1256 li
437 1205 677 1277 Japonis
730 1224 934 1269 sermO,
987 1205 1075 1257 vel
1127 1206 1245 1275 ipse
1297 1206 1487 1275 potius
1542 1206 1701 1257 Deus
1765 1203 1981 1272 injecit.

352 1292 537 1360 Quam
583 1292 848 1360 opposita
890 1300 944 1345 et
987 1300 1186 1360 parata
1226 1293 1297 1345 sit
1339 1292 1432 1343 illa
1471 1292 1625 1360 regio
1666 1292 1738 1343 ad
1789 1292 1978 1342 Evan-

349 1376 478 1443 gelii
535 1396 729 1429 semen
788 1377 1202 1444 excipiendum,
1263 1377 1497 1444 intelligi
1551 1376 1743 1429 licebit
1796 1393 1865 1428 ex
1916 1392 1983 1428 ea

351 1463 693 1524 narratione,
749 1483 919 1532 quam
973 1483 1102 1513 cum
1156 1462 1243 1513 his
1296 1464 1368 1513 ad
1420 1471 1478 1513 te
1529 1461 1733 1513 litteris
1792 1460 1979 1512 mitto.

426 1551 493 1601 In
539 1549 694 1603 hisce
742 1551 921 1603 Indiae
966 1550 1104 1603 locis
1151 1557 1281 1602 sunt
1327 1551 1398 1602 ad
1443 1550 1769 1617 quindecim
1818 1549 1980 1600 Lusi-

348 1639 613 1686 tanorum
679 1634 907 1700 oppida,
973 1634 1031 1686 in
1096 1634 1300 1701 quibus
1365 1633 1544 1687 multa
1596 1632 1981 1686 excitarentur

310 1779 312 1781 ,
350 1720 637 1773 domicilia
692 1720 1010 1785 Societatis,
1066 1720 1111 1772 si
1164 1721 1235 1772 ad
1275 1730 1348 1772 'ea
1394 1718 1720 1771 inchoanda
1766 1718 1980 1789 aliquid

350 1807 616 1877 stipendii
660 1827 726 1862 ex
766 1805 993 1878 publico
1036 1826 1130 1862 rex
1172 1808 1525 1863 attribueret.
1584 1809 1712 1862 Hac
1762 1824 1867 1877 ego
1912 1808 1981 1861 de

349 1913 407 1947 re
454 1895 541 1964 egi
581 1914 711 1948 curn
752 1896 876 1964 ipso
916 1915 1044 1964 rege
1084 1915 1184 1964 per
1222 1896 1457 1948 litteras.
1503 1895 1798 1947 Simonem
1840 1913 1978 1963 quo-

349 2000 458 2050 que
514 1982 858 2034 Rodericum
907 1983 977 2034 de
1023 1983 1189 2034 rebus
1236 1983 1502 2034 omnibus
1549 1982 1852 2034 certiorem
1905 1980 1981 2033 fe-

349 2068 417 2132 ci,
463 2076 518 2121 et
562 2068 727 2120 simul
770 2069 1059 2131 admonui,
1106 2087 1449 2138 magnopere
1491 2087 1520 2120 e
1560 2087 1619 2120 re
1665 2067 1978 2120 christiana

348 2154 600 2208 futurum
653 2156 717 2219 si,
772 2155 922 2209 facta
974 2156 1074 2208 abs
1121 2163 1177 2208 te
1224 2163 1528 2223 potestate,
1578 2155 1820 2224 ipsemet
1868 2153 1978 2206 huc

345 2242 759 2295 transmitteret
825 2260 954 2295 cum
1020 2259 1190 2308 quam
1256 2241 1515 2308 plurimis
1573 2259 1603 2294 e
1664 2241 1975 2303 Societate,

347 2345 666 2397 magnaque
706 2328 1172 2381 concionatorum
1215 2347 1387 2380 manu
1402 2346 1413 2389 ;
1464 2327 1673 2396 quippe
1714 2327 1837 2396 ejus
1877 2326 1976 2379 ad-

346 2423 517 2467 ventu
581 2415 841 2480 (favente
894 2415 1155 2468 videlicet
1210 2419 1396 2484 rege),
1451 2415 1667 2484 aliquot
1723 2414 1976 2467 Societa-

344 2501 418 2555 tis
471 2502 705 2572 collegia
757 2503 987 2556 excitari
1039 2519 1224 2571 posse.
1277 2503 1418 2555 Mihi
1464 2519 1616 2567 ver0,
1662 2504 1740 2555 mi
1787 2505 1978 2571 pater,

348 2588 615 2651 Simonis,
670 2589 772 2641 viri
830 2590 981 2657 apud
1039 2610 1228 2655 regem
1287 2588 1702 2656 gratiosissimi,
1770 2589 1977 2642 adven-

343 2685 437 2728 tus
477 2678 533 2728 in
571 2679 795 2729 Indiam
834 2687 1292 2746 peropportunus
1328 2678 1553 2729 videtur
1587 2678 1827 2729 futurus
1869 2680 1977 2728 Ve-

345 2762 460 2816 niet
504 2763 654 2816 enim
699 2782 827 2817 cum
873 2764 1025 2832 regia
1072 2763 1340 2817 facultate
1383 2764 1471 2817 vel
1517 2763 1825 2838 inchoandi
1866 2764 1977 2817 col-

344 2847 505 2917 legia,
549 2850 637 2903 vel
674 2851 912 2919 juvandi
955 2850 1315 2914 christianOS,
1362 2860 1416 2904 et
1461 2851 1557 2920 qui
1600 2859 1731 2904 sunt
1779 2859 1835 2904 et
1883 2851 1979 2920 qui

346 2936 549 3001 forent,
596 2940 640 2991 si
687 2947 836 2992 esset
883 2940 978 3008 qui
1019 2940 1099 2991 eis
1141 2939 1373 2992 faveret.
1435 2940 1620 2992 Velim
1663 2957 1833 3008 super
1871 2939 1980 2992 hac

344 3042 402 3076 re
460 3028 531 3078 ad
592 3027 886 3079 Simonem
942 3027 1155 3079 scribas
1228 3027 1364 3095 quid
1417 3027 1536 3079 fieri
1588 3027 1746 3079 veliS.
1802 3028 1978 3079 Anto-

345 3113 470 3166 nius
517 3116 667 3167 enim
718 3118 933 3168 Gomes
982 3116 1120 3167 mihi
1168 3116 1436 3178 narravit,
1489 3116 1709 3168 Simoni
1758 3124 1978 3169 certum
