2692 3907
715 495 818 547 292
1103 493 1286 530 LIBER
1326 494 1401 530 IV.
1424 510 1496 516 —-
1517 493 1809 532 EPISTOLA
1847 493 1950 531 VII.

712 623 1052 677 villicationis
1092 631 1207 677 tuce.
1252 626 1439 692 Quare
1483 625 1654 686 effice,
1692 632 1752 676 ut
1787 625 1978 676 mittat
2019 623 2338 675 necessaria

710 710 782 762 ad
829 709 961 762 fidei
1007 711 1478 779 propagationem
1527 711 1733 763 auxilia
1772 711 1828 761 in
1875 711 1941 761 In
1991 709 1998 717 ’
2044 727 2118 760 m.

786 799 917 852 Una
960 797 1099 850 mihi
1145 798 1379 850 omnino
1420 798 1512 850 via
1552 817 1617 851 ac
1657 797 1818 861 rati0,
1860 816 1963 866 pro
2021 815 2125 849 usu
2166 813 2334 864 quem

713 886 914 952 habe0,
979 887 1203 942 videtur
1270 907 1391 942 esse
1452 889 1736 958 religionis
1795 889 1851 941 in
1913 889 2077 942 India
2134 905 2335 957 propa-

708 977 928 1042 gandae,
978 985 1038 1029 ut
1085 995 1180 1028 rex
1226 977 1490 1028 omnibus
1540 977 1718 1028 Indiae
1765 976 2102 1045 praetoribus
2148 975 2336 1027 edicto

706 1060 1029 1124 denunciet,
1068 1079 1127 1115 se
1165 1062 1299 1115 nulli
1343 1069 1461 1116 tam
1507 1064 1789 1116 confidere
1833 1063 1889 1114 in
1936 1063 2117 1124 India,
2163 1079 2334 1130 quam

703 1147 788 1210 iis,
831 1147 926 1216 qui
967 1146 1294 1201 christianae
1343 1148 1626 1216 religionis
1673 1149 1813 1201 fines
1860 1148 2015 1200 omni
2059 1164 2165 1215 ope
2208 1164 2333 1215 pro-

700 1233 845 1285 ferre
898 1234 1190 1296 nituntur3
1247 1235 1513 1302 quocirca
1572 1237 1841 1287 mandare
1896 1253 1954 1286 se
2008 1242 2178 1301 atque
2232 1233 2333 1283 im-

705 1339 919 1389 perare,
978 1328 1039 1373 ut
1100 1319 1397 1373 Ceilanum
1464 1320 1704 1374 insulam
1762 1321 1833 1374 ad
1890 1319 2103 1374 Christi
2162 1319 2332 1372 fidem

706 1407 1123 1470 adducendam,
1185 1407 1603 1477 neophytorum
1663 1426 1960 1460 numerum
2016 1408 2071 1457 in
2126 1409 2332 1459 Como-

705 1491 828 1545 rino
874 1493 1267 1561 promontorio
1320 1495 1639 1563 augendum
1691 1502 1887 1548 curent
1935 1494 2148 1547 sedulo.
2200 1496 2331 1546 Pro-

708 1580 838 1632 inde
865 1580 1017 1632 viros
1045 1580 1336 1649 religiosos
1370 1581 1707 1649 conquirant
1742 1581 2007 1649 undique,
2038 1588 2093 1634 et
2122 1588 2331 1634 nostrae

706 1668 1010 1720 Societatis
1090 1668 1434 1732 hominibus,
1507 1669 1774 1736 itemque·
1823 1667 2059 1730 caeteris,
2128 1667 2331 1735 quibus

702 1753 886 1806 visum
965 1755 1088 1817 erit,
1165 1756 1235 1807 ad
1314 1755 1487 1807 divini
1566 1756 1749 1807 cultus
1827 1755 2328 1823 amplificationem

700 1848 951 1892 utantur.
1020 1842 1183 1909 Quod
1234 1841 1279 1892 si
1329 1842 1471 1893 forte
1518 1841 1574 1892 in
1621 1840 1729 1893 hoc
1787 1859 1989 1909 genere
2054 1848 2327 1909 praetores

699 1926 1048 1994 negligentes
1110 1945 1169 1979 se
1216 1927 1558 1995 praebuerint
1603 1945 1667 1979 ac
1716 1928 1999 1989 socordeS,
2054 1935 2329 1978 terrorem

694 2013 774 2065 eis
830 2013 1088 2076 incutiat,
1140 2031 1206 2065 ac
1247 2014 1615 2082 jurejurando
1669 2014 1964 2066 confirmet
2041 2017 2328 2081 (magnam

694 2101 847 2152 enim
913 2101 1076 2153 inibit
1135 2120 1167 2152 a
1228 2103 1351 2153 Deo
1429 2102 1668 2169 gratiam
1729 2102 2010 2169 jurando;
2055 2101 2329 2169 majorem

704 2188 876 2239 etiam
906 2206 990 2250 eo,
1033 2190 1184 2256 quod
1220 2189 1441 2256 jurarit,
1484 2190 1886 2256 exsequendo),
1930 2188 2036 2239 nisi
2074 2188 2328 2241 animum

693 2274 880 2345 ipsius
920 2274 1186 2343 religione
1228 2275 1585 2339 exsolverint,
1626 2294 1683 2328 re
1722 2275 2028 2328 christiana
2066 2275 2122 2327 in
2163 2275 2329 2328 India

693 2380 864 2433 quam
936 2363 1180 2416 maxime
1245 2372 1574 2432 propagata,
1642 2364 1808 2415 simul
1873 2372 2044 2433 atque
2111 2363 2322 2433 Olyssi-

697 2468 905 2518 ponem
950 2451 1301 2514 reverterint,
1342 2469 1535 2504 eorum
1581 2453 1900 2504 socordiam
1945 2451 2326 2520 publicatione

697 2536 995 2599 bonorum,
1051 2545 1106 2589 et
1160 2537 1428 2589 diuturno
1487 2555 1710 2590 carcere
1775 2538 2199 2591 mulctaturum.
2259 2539 2325 2591 Id

692 2623 737 2676 si
807 2641 902 2676 rex
967 2625 1150 2678 edicet
1216 2626 1570 2692 praetoribus,
1627 2634 1680 2677 et
1738 2625 1904 2676 simul
1963 2625 2132 2676 edicti
2194 2644 2323 2676 con-

694 2717 1009 2777 temptores
1074 2728 1264 2761 severe
1329 2711 1587 2777 accipiet,
1655 2719 1808 2762 certe
1867 2711 2138 2778 plerique,
2200 2713 2325 2763 Deo

691 2796 946 2864 juvante,
1030 2796 1320 2849 conferent
1399 2815 1457 2848 se
1523 2798 1592 2849 ad
1666 2796 1879 2848 Christi
1955 2797 2162 2848 fidem:
2238 2796 2324 2848 sin

699 2881 903 2944 minuS‚
968 2881 1105 2933 nihil
1170 2883 1481 2935 admodum
1546 2883 1889 2950 proficietur.
1964 2885 2160 2936 Habes
2235 2901 2323 2936 su-

696 2987 797 3037 per
859 2968 965 3020 hac
1019 2988 1076 3021 re
1123 2970 1256 3038 quid
1321 2970 1582 3032 sentiam,
1673 2978 1878 3021 caetera
1944 2977 2144 3022 taceo:
2215 2967 2323 3022 hoc

695 3073 871 3107 unum
946 3056 1091 3118 dico,
1155 3057 1200 3108 si
1263 3058 1379 3119 fiet,
1451 3058 1602 3125 quod
1671 3057 1789 3109 fieri
1843 3065 2065 3126 expetO,
2120 3057 2190 3109 ab
2243 3056 2322 3108 in-

693 3141 857 3210 juriis
900 3160 965 3195 ac
1012 3143 1424 3211 direptionibus
1470 3144 1909 3195 vindicabuntur
1956 3143 2145 3195 miseri
2193 3161 2321 3194 neo-

697 3228 894 3299 phyti;
965 3229 1155 3282 caeteri
1222 3229 1373 3282 haud
1446 3248 1591 3297 aegre
1663 3231 1733 3282 ad
1805 3231 2018 3283 Christi
2088 3229 2321 3282 Domini
