2692 3907
746 378 851 432 374
1155 378 1338 416 LIBER
1378 378 1836 417 V.—EPISTOLA
1879 378 1964 416 111.

821 511 1033 579 Scripsi
1086 511 1157 563 ad
1215 512 1275 562 P.
1332 511 1404 562 N.
1457 510 1765 579 Ignatium,
1813 518 1875 563 ut
1921 510 2025 562 tibi
2073 509 2243 564 faciat
2288 529 2379 562 ve-

744 595 938 651 niendi
977 604 1344 666 potestatem,
1386 596 1637 666 itemque
1677 597 1749 650 ad
1789 615 1999 666 regem,
2041 604 2103 651 ut
2141 603 2199 651 te
2239 597 2379 651 mul·

743 685 819 738 tis
866 685 1206 737 comitatum
1255 684 1441 746 sociiS,
1491 702 1811 753 magnaque
1858 703 1989 736 cum
2037 684 2379 737 auctoritate

744 771 801 825 in
850 771 1074 825 Indiam
1123 771 1333 825 mittat.
1383 771 1551 839 Quod
1604 771 1650 823 si
1703 770 2014 838 continget,
2071 769 2210 824 mihi
2262 787 2377 825 cre-

741 859 832 922 de,
875 858 1310 928 longevmajori‚
1359 876 1531 926 quam
1578 865 1641 910 tu
1687 866 1873 926 putaS,
1921 865 2054 910 tuus
2100 857 2380 911 adventus

739 943 1067 998 christianae
1107 944 1186 996 rei
1227 945 1331 996 erit
1372 944 1781 996 emolumento.
1822 944 2099 1006 Alterum,
2145 945 2215 996 de
2263 962 2376 1012 quo

740 1032 940 1103 scripsi
980 1033 1053 1084 ad
1093 1050 1302 1102 regern,
1346 1031 1481 1083 illud
1522 1039 1627 1094 est,
1670 1038 1730 1083 ut
1771 1030 2031 1083 consulat
2071 1030 2377 1083 Lusitano-

740 1137 866 1174 rum
919 1119 1166 1189 pupilliS,
1221 1136 1463 1188 quorum
1516 1119 1779 1172 videlicet
1832 1125 2117 1187 parenteS,
2167 1119 2419 1173 amissa.

738 1225 843 1277 pro
889 1225 1019 1276 rege
1063 1207 1198 1269 vita,
1247 1206 1453 1258 liberos
1500 1206 1668 1257 orbos
1713 1206 2027 1273 inopesque
2080 1205 2376 1273 reliquere,

743 1296 1092 1365 stipendium
1136 1311 1202 1347 ac
1241 1295 1457 1347 victum
1501 1293 1833 1363 parentibus
1873 1293 2129 1346 debitum
2169 1292 2378 1362 persol-

741 1389 910 1436 vente
957 1381 1203 1434 nemine.
1252 1382 1441 1449 Quare
1489 1398 1604 1434 non
1658 1388 1807 1434 esset
1863 1381 2112 1434 alienum
2165 1381 2381 1450 aliquot

742 1469 800 1522 in
846 1469 1011 1521 India
1053 1467 1400 1521 constituere
1443 1467 1679 1537 collegia
1723 1466 1816 1519 ubi
1860 1466 2142 1537 ejusmodi
2184 1466 2381 1537 pupilli

742 1573 857 1608 non
903 1555 1189 1608 alerentur
1235 1555 1438 1617 solum,
1494 1556 1593 1607 sed
1647 1555 1819 1607 etiam
1875 1555 2251 1608 erudirentur.
2303 1556 2380 1608 Et

742 1643 1014 1712 quoniam
1069 1660 1166 1694 rex
1222 1642 1614 1711 indigenarum
1668 1661 1895 1711 quoque
1948 1642 2116 1695 saluti
2163 1641 2380 1712 prospi-

743 1747 869 1782 cere
922 1730 1109 1791 debet,
1165 1747 1194 1781 e
1248 1747 1306 1781 re
1365 1729 1677 1781 christiana
1743 1736 1893 1781 esset
1960 1730 2251 1792 mandare,
2318 1736 2380 1782 ut

741 1815 1181 1868 christianorum
1237 1814 1633 1885 indigenarum
1687 1814 1848 1866 liberi
1902 1815 2071 1867 certis
2125 1814 2183 1866 in
2240 1814 2381 1867 locis

739 1903 1130 1957 imbuerentur
1176 1903 1546 1957 catechismo
1598 1904 1799 1972 Itaque
1846 1904 1897 1957 ei
1945 1904 2151 1967 scribO,
2200 1912 2260 1958 ut
2314 1922 2382 1958 ex

741 1992 980 2045 Bazaini
1029 1992 1402 2062 vectigalibus
1453 1992 1545 2056 (si
1591 1992 1898 2056 videatur)
1951 1993 2175 2046 circiter
2220 1992 2380 2064 quin-

743 2099 853 2150 que
918 2098 1285 2135 nummorum
1352 2099 1651 2135 aureorum
1728 2082 1903 2135 millia
1980 2082 2232 2152 assignet
2309 2084 2381 2137 ad

744 2166 1024 2237 ejusmodi
1069 2166 1317 2236 aliquam
1363 2168 1598 2221 domum
1640 2168 2029 2237 aperiendam.
2076 2170 2220 2224 Haec
2261 2187 2379 2223 om-

744 2256 838 2307 nia
883 2274 1093 2324 regem,
1143 2258 1268 2306 Deo
1313 2257 1458 2307 bene
1498 2256 1754 2324 juvante,
1802 2276 1903 2326 per
1954 2266 2117 2308 tuum
2172 2258 2379 2308 adven-

743 2350 863 2395 tum
915 2342 1196 2395 facturum
1246 2359 1370 2395 esse
1416 2342 1662 2395 confido.

819 2429 1079 2496 Cognovi
1133 2446 1314 2496 nuper
1367 2429 1436 2481 de
1489 2428 1717 2496 regione
1769 2429 2036 2499 Japonia,
2093 2448 2219 2498 quae
2272 2429 2383 2483 sita

744 2522 829 2567 est
877 2514 1024 2566 ultra
1074 2514 1243 2565 Sinas
1288 2513 1462 2565 millia
1497 2533 1771 2582 passuum
1814 2515 2060 2583 amplius
2098 2523 2380 2568 sexcenta.

746 2603 888 2670 Ejus
940 2602 1158 2654 incolas
1211 2602 1328 2654 acri
1382 2619 1507 2654 esse
1562 2603 1810 2670 ingenio,
1866 2604 2219 2671 cupidosque
2271 2603 2381 2656 dis-

743 2687 909 2738 cendi
962 2707 1076 2738 non
1132 2687 1306 2738 modo
1361 2686 1584 2739 divinas
1637 2706 1743 2749 res,
1797 2707 1993 2739 verum
2048 2688 2223 2740 etiam
2284 2707 2380 2739 na-

739 2774 969 2837 turaleS,
1025 2792 1152 2843 quae
1204 2775 1518 2843 disciplinis
1569 2776 1954 2826 continentur.
2009 2777 2075 2826 Id
2119 2784 2175 2827 et
2220 2775 2381 2826 Lusi-

741 2862 861 2916 tani
928 2861 1080 2915 illinc
1146 2862 1354 2915 reversi
1419 2862 1741 2931 perhibent,
1809 2869 1864 2917 et
1927 2864 2182 2934 Japones
2259 2852 2379 2932 qui-

744 2948 877 3000 dam
926 2947 1066 2999 satis
1113 2947 1425 3010 declarant,
1475 2948 1571 3016 qui
1619 2948 1909 3015 superiore
1955 2968 2109 3001 anno
2155 2966 2381 3001 mecum

746 3035 1004 3087 Malacca
1047 3037 1103 3086 in
1160 3036 1386 3087 Indiam
1434 3035 1691 3105 profecti,
1741 3055 1921 3105 nuper
1969 3039 2110 3089 Goae
2158 3037 2213 3087 in
2270 3036 2380 3088 col-

741 3121 889 3188 legio
937 3123 995 3175 S.
1025 3122 1184 3174 Fidei
1232 3122 1576 3176 Christianis
1631 3124 1914 3198 mysteriis
1967 3124 2175 3181 initiati
2230 3130 2380 3179 sunt.
