2768 3911
637 354 819 392 LIBER
861 355 921 392 ΙΙ.
945 370 1016 377 -·
1038 356 1328 411 EPISTOLA
1370 357 1455 394 ΙΙΙ.
1800 355 1868 408 73

699 557 1183 618 EPISTULA
1264 559 1399 618 III.

907 750 1189 810 Eidem.

307 950 600 1018 Collegium
644 951 889 1001 Goanuin
930 956 976 1001 et
1008 956 1276 1019 proregein
1321 952 1521 1002 laudat.
1578 952 1611 1001 I
1613 952 1864 1020 ndulgen-

238 1039 329 1091 tias
380 1036 512 1105 petit
571 1054 629 1087 ac
690 1037 867 1088 socios.
933 1037 1217 1088 Lusitanos
1274 1037 1338 1088 ab
1400 1037 1862 1105 Indulgentiaruin

234 1122 494 1192 religione,
544 1127 811 1191 proregem
863 1141 896 1174 a
939 1122 1205 1190 singulari
1256 1123 1313 1173 in
1367 1123 1677 1174 Societatem
1727 1123 1861 1191 Jesu

232 1212 393 1265 studio
447 1211 666 1278 mirifice
720 1212 920 1263 laudat.

303 1364 501 1419 Gratia
550 1373 608 1419 et
670 1384 832 1419 amor
893 1365 1108 1419 Christi
1174 1366 1406 1418 Domini
1471 1367 1648 1419 nostri
1711 1367 1860 1419 adsit

235 1470 451 1520 semper
503 1452 667 1504 nobis
720 1452 926 1505 auxilio
980 1461 1034 1505 et
1088 1452 1303 1505 favore!
1373 1454 1574 1505 Amen.

242 1606 540 1745 CERTI
588 1610 821 1677 quidam
860 1609 1138 1672 homines,
1180 1610 1372 1661 divino
1414 1609 1581 1677 plane
1625 1609 1860 1662 numine

397 1693 670 1756 instincti,
715 1712 894 1762 nuper
932 1696 1072 1747 Goae
1113 1695 1428 1763 Collegium
1465 1695 1855 1758 instituerunt,

232 1798 335 1848 quo
389 1780 528 1832 nihil
582 1781 669 1833 his
722 1781 861 1834 locis
913 1790 1032 1834 erat
1087 1783 1467 1834 necessarium
1524 1781 1723 1850 magis,
1788 1782 1853 1834 Id

231 1875 458 1934 augetur
511 1869 567 1918 in
623 1868 761 1920 dies,
832 1870 907 1920 Et
962 1887 1097 1920 sane
1150 1877 1253 1930 est,
1318 1887 1416 1921 cur
1479 1870 1603 1921 Deo
1665 1876 1853 1936 gratu-

230 1952 417 2015 lemur,
482 1953 595 2005 tale
660 1954 1010 2006 domicilium
1085 1954 1335 2017 excitari,
1403 1955 1473 2006 ad
1541 1954 1853 2006 multorum

229 2038 635 2108 neophytorum
690 2040 1126 2103 institutionem,
1177 2040 1720 2108 conversionemque
1769 2039 1849 2092 in-

228 2126 469 2179 fidelium
522 2127 914 2197 plurimorum.
990 2129 1178 2197 Hujus
1232 2128 1468 2196 Collegii
1523 2127 1851 2180 aedificatio-

229 2212 278 2264 ni
357 2223 607 2283 praesunt
692 2216 795 2268 viri
880 2233 1015 2268 sane
1097 2216 1340 2279 honesti,
1426 2233 1492 2267 ac
1574 2216 1848 2284 primarii.

232 2299 439 2353 Praetor
490 2302 610 2369 ipse
664 2302 892 2369 negotio
947 2293 1181 2355 mirifice
1228 2302 1405 2355 favet:
1468 2303 1514 2354 is
1561 2319 1740 2370 usque
1787 2319 1854 2354 eo

230 2384 326 2437 sibi
379 2388 658 2455 persuasit
712 2407 830 2440 rem
885 2388 956 2440 ad
1011 2388 1334 2441 christianae
1395 2387 1681 2456 religionis
1734 2405 1851 2439 am-

229 2471 625 2537 plificationem
681 2475 981 2542 pertinere,
1037 2484 1097 2527 ut
1151 2475 1273 2543 ejus
1325 2475 1688 2542 potissimum
1741 2493 1853 2542 ope

228 2564 390 2625 atque
468 2579 658 2628 opera,
737 2561 892 2612 brevi
971 2561 1270 2612 destinatae
1350 2560 1501 2612 aedes
1578 2561 1852 2627 augendae

228 2642 694 2713 absolvendaeque
733 2647 1052 2697 videantur.
1102 2646 1407 2712 Templum
1450 2647 1655 2712 ipsum,
1699 2646 1851 2712 quod

231 2726 475 2797 Collegio
550 2731 872 2798 proximum
949 2732 1278 2793 aedificatur,
1355 2730 1689 2798 perpulchre
1759 2731 1851 2781 de-

229 2813 495 2882 scriptum
543 2824 655 2879 est3
707 2818 864 2885 jacta
911 2818 1125 2869 dudum
1175 2816 1565 2879 fundamenta,
1615 2816 1852 2884 perduc-

229 2896 266 2947 ti
322 2902 390 2953 ad
453 2921 741 2957 summum
806 2922 984 2972 usque
1049 2903 1312 2972 parieteS,
1374 2904 1493 2971 jam
1562 2902 1849 2970 fastigium

227 3001 288 3035 ac
355 2996 571 3041 tectum
644 2991 974 3059 imponitur.
1069 2991 1334 3043 Proxima
1407 2998 1606 3042 aestate
1679 2988 1854 3041 sacris

227 3068 550 3128 initiabitur.
632 3078 821 3146 Duplo
875 3079 1059 3147 majus
1113 3086 1198 3129 est
1257 3078 1330 3140 (si
1386 3077 1621 3145 quaeris)
1680 3094 1851 3146 quam
