2815 3911
748 368 929 407 LIBER
973 370 1425 411 V.—EPISTOLA
1467 371 1552 410 111.
1861 367 1965 421 379

339 498 707 550 Franciscani
766 519 863 550 sex
919 512 1193 554 venerunt
1254 523 1283 553 e
1352 501 1669 554 Lusitania.
1752 501 1965 551 Verum

338 584 601 648 Michael,
658 586 1056 640 Franciscanis
1111 590 1426 643 Bazainum
1474 587 1744 650 devectiS,
1797 602 1965 654 pecu-

336 670 509 733 niam,
564 689 734 739 quam
789 689 903 735 rex,
957 680 1188 727 auctore
1237 676 1460 745 Joanne
1514 674 1721 728 Castro
1777 687 1965 740 prore-

334 778 421 828 ge,
462 759 535 812 ad
575 760 1003 813 conversionem
1033 761 1388 815 ethnicorum
1418 762 1828 832 assignaverat,
1863 758 1966 811 eis-

335 846 465 900 dem
513 846 961 915 dispertiendam
1009 866 1075 902 ae
1122 850 1568 918 dispensandam
1615 848 1790 902 dedit.
1841 848 1969 916 Ego

335 931 507 1000 igitur
560 932 875 985 Bazainum
929 934 1232 1002 profectus,
1287 944 1347 988 ut
1414 935 1643 1004 negotia
1703 934 1967 1002 quaedam

333 1020 708 1089 transigerem
790 1021 1207 1075 Molucensium
1291 1024 1749 1085 christianorum,
1814 1025 1967 1073 'cum

336 1105 737 1160 Franciscanis
783 1106 1097 1162 collocutus
1144 1126 1287 1171 sum,
1333 1108 1430 1177 qui
1477 1109 1549 1162 ad
1591 1107 1969 1176 paucissimos

334 1192 566 1258 redacti,
622 1214 713 1247 me
765 1194 938 1248 etiam
987 1205 1160 1267 atque
1204 1197 1377 1250 etiam
1425 1203 1715 1267 rogarunt,
1764 1202 1825 1248 ut
1871 1192 1967 1246 ali-

333 1299 503 1352 quem
556 1300 624 1337 eo
677 1280 1023 1338 destinarem
1078 1302 1107 1338 e
1177 1285 1487 1349 Societate,
1554 1284 1649 1354 qui
1714 1292 1770 1337 et
1836 1299 1968 1336 neo-

332 1369 524 1439 phytis
565 1357 885 1423 necessaria
925 1390 992 1424 ex
1036 1372 1325 1440 assignata
1368 1371 1611 1441 pecunia
1653 1370 1969 1439 impertiret

333 1466 389 1509 et
442 1457 812 1509 seminarium
865 1458 1000 1509 illud
1056 1459 1499 1510 administraret.
1560 1461 1765 1526 Itaque
1832 1456 1969 1509 Mel-

334 1542 585 1596 chiorem
652 1543 1000 1597 Consalvum
1065 1545 1141 1596 ibi
1206 1544 1405 1613 reliqui
1481 1562 1610 1597 cum
1688 1544 1967 1611 adjutore.

409 1630 605 1699 Nuper
661 1629 939 1682 Michaele
992 1632 1198 1682 Vasaeo
1253 1639 1308 1682 et
1365 1632 1428 1681 P.
1480 1629 1700 1701 Jacobo
1754 1628 1968 1680 Borba·

334 1734 409 1769 no
462 1717 719 1781 mortuiS,
775 1718 993 1787 collegii
1048 1718 1236 1770 Goani
1290 1717 1508 1770 curatio
1562 1718 1634 1769 ad
1690 1718 1968 1770 Cosmum

331 1805 618 1874 Joannem
683 1804 960 1872 pervenit,
1028 1805 1122 1873 qui
1189 1805 1473 1858 redituum
1549 1802 1967 1873 procuratione,

333 1899 388 1943 et
442 1898 725 1944 tectorum
781 1892 1160 1945 aedificatione
1215 1900 1499 1960 suscepta,
1549 1910 1680 1943 cum
1735 1889 1969 1942 distine-

333 1987 487 2031 retur
528 1979 772 2047 negotiis
812 1980 997 2048 regiis,
1042 1987 1171 2048 post
1218 1981 1527 2031 adventum
1572 1978 1806 2031 Antonii
1853 1979 1970 2030 Go-

335 2065 443 2118 mis
507 2084 635 2119 eam
700 2067 1054 2120 curationem
1122 2066 1395 2119 Societati
1472 2053 1700 2135 penitus
1777 2065 1969 2117 cessit.

335 2149 503 2207 Nunc
554 2172 622 2208 ex
674 2172 777 2209 usu
831 2162 934 2219 est,
990 2155 1139 2208 hanc
1193 2155 1510 2208 cessionem
1564 2153 1718 2223 regia
1773 2159 1968 2206 aucto-

332 2240 499 2294 ritate
551 2241 928 2309 comprobari.
986 2241 1169 2294 Velim
1225 2241 1479 2309 diploma
1533 2258 1713 2303 cureS,
1762 2256 1829 2292 ac
1876 2240 1969 2292 de-

334 2328 481 2382 feras
526 2337 718 2381 tecum
765 2329 823 2380 in
873 2329 1118 2380 Indiam.

406 2416 700 2484 Oppidum
741 2422 826 2469 est
855 2415 1022 2484 regiS,
1053 2416 1286 2467 nomine
1318 2416 1773 2483 Cranganorum,
1813 2412 1971 2481 quin-

332 2501 517 2554 decim
558 2501 734 2554 millia
765 2520 1037 2569 passuum
1069 2520 1100 2552 a
1129 2501 1365 2553 CocinO.
1409 2501 1522 2552 Hic
1556 2499 1854 2567 collegium
1887 2507 1974 2553 est

331 2587 618 2657 egregium
673 2606 705 2640 a
759 2588 1063 2640 Vincentio
1120 2586 1373 2656 episcopi
1432 2582 1606 2639 socio⁴
1656 2585 1972 2639 exaedifica-

330 2682 473 2738 tum,
528 2674 623 2727 ubi
676 2674 1116 2727 christianorum
1184 2668 1604 2741 indigenarum,
1673 2672 1768 2740 qui
1836 2672 1974 2724 Tho-

331 2763 452 2814 maei
492 2761 868 2831 appellantur,
909 2762 1070 2812 liberi
1111 2761 1491 2812 instituuntur
1530 2758 1695 2811 facile
1725 2767 1976 2811 centum.

333 2849 642 2918 Sexaginta
707 2848 917 2918 quippe
980 2848 1087 2901 vici
1152 2847 1564 2901 Thomaeorum
1633 2847 1973 2899 christiano—

331 2954 455 2988 rum
509 2935 659 2989 circa
711 2935 767 2988 id
820 2935 1093 3003 oppidum
1148 2941 1298 2997 sunt,
1354 2953 1420 2987 ex
1468 2933 1673 3002 quibus
1726 2932 1972 3000 collegii,

331 3025 483 3091 quod
526 3023 658 3085 dixi,
702 3023 917 3073 alumni
960 3031 1251 3090 petuntur.
1299 3023 1461 3089 Opus
1506 3021 1551 3071 si
1596 3020 1804 3088 quaeris
1847 3039 1972 3071 om-

333 3111 470 3163 nino
535 3110 870 3181 praeclarum
940 3117 1025 3162 est
1091 3110 1161 3161 ad
1229 3116 1543 3177 aspectum,
1613 3109 1729 3160 sive
1796 3108 1965 3160 situm
