2645 3907
683 363 747 414 52
1103 362 1284 399 LIBER
1326 362 1362 399 1.
1385 377 1456 383 —
1478 360 1769 399 EPISTOLA
1810 359 1884 399 IX.

683 492 826 557 (hoc
890 501 974 546 est
1043 491 1250 545 Martio
1305 492 1742 561 consequentis)
1805 492 2136 554 mitteretis;
2203 494 2302 546 sed

677 580 901 632 evoluto
948 581 1222 631 duntaxat
1270 579 1400 630 inde
1445 579 1692 640 biennio,
1739 581 1968 646 quando
2009 580 2128 646 jam
2174 599 2301 631 nos-

675 677 792 717 tras
845 686 910 716 ex
965 666 1129 715 India
1179 666 1397 715 litteras
1449 666 1737 733 accepisse
1791 665 2109 733 potueritis,
2164 667 2303 715 nihil

677 754 866 822 magni
907 760 1055 803 esset
1097 752 1472 802 incommodi:
1516 753 1831 802 dummodo
1871 752 2124 803 indicato
2160 760 2301 804 tem-

677 855 812 907 pore
864 839 920 890 id
974 839 1125 906 quod
1179 837 1292 889 dixi
1345 838 1660 890 subsidium
1714 853 1828 889 non
1881 838 2104 891 deesset
2164 838 2302 891 certi

676 923 895 977 numeri
946 923 1223 976 bonorum
1277 922 1661 990 operariorum
1716 942 1749 975 a
1799 922 1960 975 vobis
2013 922 2123 976 huc
2176 923 2299 976 des-

677 1010 1007 1063 tinatorum.
1095 1011 1239 1061 Rern
1302 1018 1484 1062 totam
1550 1009 1845 1077 sapientiae
1909 1019 2113 1062 vestrae
2179 1030 2300 1079 per-

678 1098 976 1158 mittimus,
1025 1114 1367 1164 magnopere
1419 1105 1611 1147 tamen
1665 1105 1947 1164 optantes,
1997 1105 2057 1148 ut
2104 1097 2161 1148 in
2208 1098 2301 1148 de·

676 1185 1008 1234 liberatione
1053 1184 1170 1245 tali,
1220 1201 1334 1251 prae
1382 1184 1558 1235 oculis
1605 1184 1660 1233 id
1708 1183 1966 1234 habeatis
2013 1185 2165 1252 quod
2207 1201 2301 1235 vo-

676 1268 763 1321 bis
827 1285 928 1337 pro
992 1268 1309 1322 certissimo
1374 1269 1673 1322 confirmo:
1746 1267 1912 1337 plane
1977 1268 2116 1322 mihi
2180 1285 2302 1337 per-

679 1371 908 1405 suasum
963 1371 1103 1414 esse,
1158 1352 1414 1406 laborum
1469 1352 1525 1404 in
1581 1353 1745 1406 India
1801 1362 2126 1407 nostrorum
2188 1373 2302 1406 non

679 1439 940 1507 exiguum
989 1439 1232 1490 fructum
1280 1441 1646 1500 exstiturum;
1707 1460 1890 1509 neque
1937 1441 2046 1492 hoc
2091 1442 2304 1510 putetis

679 1545 801 1578 esse
861 1545 1078 1577 merum
1137 1528 1433 1594 augurium
1494 1528 1599 1578 sibi
1659 1528 1900 1580 faventis
1952 1529 2156 1590 animi3
2224 1529 2304 1580 sic

678 1613 829 1664 enim
883 1620 1150 1665 constans
1203 1613 1504 1665 affirmatio
1551 1620 1904 1666 versatorum
1952 1614 2063 1667 illic
2110 1614 2303 1667 multis

676 1699 840 1752 annis
885 1699 1249 1767 prudentium
1296 1699 1591 1752 hominum
1640 1718 1865 1767 sperare
1912 1718 2015 1753 nos
2068 1699 2302 1752 omnino

673 1785 854 1852 jubet.
934 1785 1083 1852 Quid
1158 1785 1214 1837 in
1288 1804 1346 1837 re
1421 1785 1687 1852 praesenti
1763 1785 2304 1853 deprehenderimus

679 1871 869 1924 scietis
899 1861 992 1923 'ex
1049 1871 1257 1924 nostris
1315 1871 1534 1934 litteris,
1568 1868 1894 1940 'diligenter
1950 1893 2016 1925 ac
2074 1873 2304 1941 copiose

680 1959 1047 2009 declaraturis
1121 1978 1187 2008 ex
1251 1959 1475 2008 oculata
1550 1960 1753 2009 notitia
1826 1979 2019 2009 verum
2088 1968 2302 2010 statum

677 2045 928 2097 locorum
976 2062 1041 2096 ac
1087 2045 1341 2113 gentium
1394 2045 1633 2108 illarum,
1688 2054 1966 2115 quantum
2014 2047 2085 2099 ad
2135 2063 2301 2116 nego-

677 2132 819 2185 tium
874 2131 1070 2185 salutis
1122 2132 1440 2184 animarum
1499 2139 1553 2185 et
1614 2132 1827 2186 Christi
1886 2133 2039 2201 regni
2102 2150 2331 2202 propa-2

678 2217 847 2287 gandi
909 2236 1037 2287 spes
1098 2236 1163 2272 ac
1221 2217 1518 2272 facultates
1576 2218 1840 2287 pertinet.
1920 2220 2092 2273 Prout
2154 2237 2303 2273 nunc

679 2306 1110 2374 augurabamur,
1184 2304 1373 2373 magni
1445 2324 1544 2373 per
1615 2305 1806 2358 omnia
1884 2305 2160 2359 momenti
2231 2307 2303 2359 ad

680 2412 1001 2445 successum
1048 2402 1368 2444 nostrorum
1416 2394 1537 2462 ejus
1580 2393 1800 2462 generis
1844 2402 2152 2446 conatuum
2198 2395 2303 2447 erit

679 2482 933 2533 eminens
1001 2481 1057 2532 in
1127 2497 1230 2532 nos
1298 2488 1352 2533 et
1425 2480 1589 2532 nullis
1662 2497 1775 2532 non
1848 2481 2044 2533 officiis
2114 2480 2303 2549 palam

680 2574 941 2619 ostensus
987 2565 1239 2634 proregis
1286 2565 1459 2627 favor,
1508 2574 1739 2634 propter
1785 2584 2068 2619 summam
2112 2575 2303 2619 aucto-

680 2654 906 2707 ritatem
950 2672 1120 2721 quam
1165 2653 1213 2704 ei
1257 2653 1407 2720 apud
1452 2671 1611 2721 reges
1654 2672 1719 2705 ac
1763 2654 2035 2722 dynastas
2081 2654 2303 2706 illorum

681 2748 964 2793 tractuum
1048 2740 1359 2792 Lusitanici
1442 2740 1587 2807 regis
1667 2740 1870 2803 sociOS‚
1948 2748 2003 2793 et
2078 2741 2305 2808 propria

683 2826 793 2879 illic
845 2827 978 2879 olim
1032 2834 1167 2878 nota
1217 2825 1413 2888 virtUS,
1468 2833 1523 2878 et
1576 2843 1722 2878 nova
1774 2826 2021 2893 dignitas
2078 2826 2304 2894 amplis-

684 2912 812 2963 simi
864 2920 919 2964 et
977 2930 1165 2979 regem
1224 2911 1685 2978 repraesentantis
1747 2912 2113 2979 magistratus
2174 2931 2303 2964 con-

685 2998 940 3051 ciliatura
987 2998 1189 3050 merito
1236 2997 1499 3050 creditur.

759 3085 817 3137 Si
860 3085 1019 3136 vobis
1063 3085 1387 3137 viderentur
1431 3085 1626 3152 gratiae
1674 3086 1935 3153 quaedam
1986 3085 2305 3153 spirituales
