2692 3907
727 411 833 462 350
983 410 1168 449 LIBER
1209 410 1376 448 1v.—
1396 411 1657 449 SYMBOLI
1700 412 2101 452 DECLARATIO.

723 541 822 594 tali
876 541 1031 594 lucro
1084 560 1198 593 non
1253 540 1531 609 indigenS,
1580 542 1674 610 jus
1727 543 1796 595 ad
1864 542 2000 597 illud
2066 560 2232 597 suum
2298 542 2355 598 in

724 645 828 680 nos
880 628 1167 691 transfert,
1222 628 1441 696 sibique
1493 627 1740 695 imputat
1793 630 1946 697 quod
1993 648 2060 682 ex
2106 628 2199 682 illa
2257 647 2354 683 no-

722 714 809 766 bis
861 714 1104 782 proficit.
1163 714 1316 766 Hinc
1381 732 1507 782 quae
1574 714 1861 768 confertur
1925 715 2090 768 nobis
2154 714 2355 786 gratia,

724 801 940 855 fructus
993 800 1326 854 meritorum
1382 799 1596 854 Christi
1649 807 1754 864 est,
1810 808 1866 855 et
1920 801 2165 856 influxus
2222 819 2356 872 qua-

723 888 769 940 si
823 888 1027 956 capitis
1079 887 1136 938 in
1190 887 1465 938 membra.

796 975 1298 1044 Quemadmodum
1363 991 1497 1026 vero
1561 985 1675 1027 non
1740 972 1924 1027 solum
1990 981 2162 1044 caput
2228 974 2354 1028 sub-

716 1062 886 1132 jectis
951 1063 1204 1126 artubus,
1271 1063 1370 1114 sed
1435 1061 1693 1114 membra
1756 1060 1931 1114 etiam
1997 1080 2057 1115 se
2119 1061 2356 1117 occultis

723 1149 1007 1202 afflatibus
1060 1157 1260 1202 mutuo
1313 1149 1523 1211 fovent,
1572 1149 1729 1202 alunt
1795 1158 1851 1202 et
1914 1157 2201 1218 vegetant,
2257 1150 2354 1214 ita,

722 1236 1007 1305 praecipue
1051 1236 1301 1306 quidem,
1350 1254 1465 1287 non
1512 1243 1708 1288 tamen
1755 1235 1990 1289 omnino
2038 1236 2222 1299 unice,
2271 1236 2351 1289 di-

635 1363 644 1374 .
721 1332 911 1375 tamur
954 1323 1392 1396 participatione
1438 1323 1855 1386 thesaurorum,
1904 1341 2048 1392 quos
2090 1322 2355 1378 Christus

722 1428 751 1460 e
797 1418 950 1462 recte
989 1429 1022 1462 a
1062 1428 1122 1462 se
1160 1410 1460 1473 factorum,
1508 1417 1563 1463 et
1609 1410 1893 1478 patienter
1939 1410 1996 1462 in
2041 1410 2159 1464 vita
2205 1428 2354 1464 mor-

721 1494 819 1547 tali
865 1495 1254 1558 toleratorum,
1297 1495 1494 1563 pretiis
1546 1495 1850 1564 congessit.
1900 1496 2095 1549 Voluit
2145 1498 2355 1565 quippe

722 1579 872 1633 idem
927 1580 1100 1634 etiam
1155 1599 1185 1634 e
1238 1582 1465 1635 cumulo
1517 1582 1714 1651 gratiae
1768 1583 1920 1651 apud
1986 1601 2117 1635 eum
2175 1590 2354 1651 partae

721 1685 1012 1721 servorum
1078 1685 1308 1721 suorum
1375 1668 1612 1720 fratrum
1678 1676 2006 1720 nostrorum
2061 1669 2352 1722 laudabili-

721 1754 826 1806 bus
890 1754 1032 1807 actis
1096 1762 1151 1807 et
1215 1755 1512 1808 laboriosis
1575 1755 2056 1823 perpessionibUS,
2123 1755 2180 1808 in
2251 1774 2356 1808 nos

721 1842 943 1911 aspergi
995 1861 1062 1894 ac
1113 1861 1452 1911 promanare
1506 1841 1819 1910 quidpiam.
1876 1842 1988 1905 Sic,
2037 1841 2144 1895 illis
2191 1859 2351 1895 oran-

720 1930 891 1994 tibus,
945 1931 1109 1984 nobis
1154 1931 1518 2000 impetratum
1568 1929 1676 1982 illis
1720 1929 1843 1982 vice
1891 1936 2088 1983 nostra
2135 1929 2351 1998 patien-

719 2020 890 2082 tibus,
945 2027 1042 2071 aut
1093 2018 1413 2088 praeteritas
1467 2036 1598 2071 suas
1661 2018 2059 2087 perpessiones
2118 2019 2351 2071 offeren-

720 2106 891 2169 tibus,
941 2123 1044 2159 nos
1090 2124 1276 2174 poenae
1323 2105 1516 2158 debito
1563 2105 1853 2157 solvimur.
1903 2106 2068 2157 Bona
2110 2105 2353 2173 denique

721 2191 907 2244 omnis
958 2191 1180 2260 generis
1233 2210 1405 2260 opera
1457 2209 1672 2256 eorum,
1728 2193 1892 2245 nobis
1945 2193 2003 2244 in
2059 2192 2166 2244 Dei
2231 2210 2351 2262 gra-

719 2281 816 2343 tia,
872 2289 927 2331 et
980 2280 1036 2330 in
1105 2279 1379 2331 Ecclesiae
1445 2279 1697 2347 corporis
1762 2297 2040 2346 compage
2095 2286 2349 2347 perstan-

719 2366 889 2430 tibus,
955 2367 1106 2419 varie
1171 2374 1427 2435 prosunt,
1495 2366 1703 2420 salubri
1769 2365 1993 2418 effluvio
2069 2384 2350 2419 commea-

720 2455 847 2507 bilis
899 2454 955 2506 in
1009 2471 1265 2507 connexa
1317 2453 1736 2506 redundantiae.

793 2540 1172 2611 Agnoscimus
1217 2548 1493 2609 praeterea
1539 2542 2005 2610 profitemurque,
2056 2542 2182 2593 Deo
2237 2541 2349 2593 Do-

721 2632 877 2684 mino
942 2639 1138 2683 nostro
1202 2630 1316 2681 vim
1382 2649 1449 2681 ac
1500 2636 1848 2698 potestatem
1914 2628 2099 2686 inesse
2162 2629 2349 2683 remit-

719 2719 877 2772 tendi
920 2726 1174 2788 peccata,
1219 2718 1328 2771 hoc
1371 2726 1474 2781 est,
1519 2717 1783 2769 abolendi
1823 2717 2075 2770 maculas
2116 2737 2183 2771 ac
2221 2735 2349 2770 con-

720 2806 970 2859 donandi
1035 2825 1235 2874 poenas
1300 2804 1615 2857 facinorum
1671 2822 1993 2872 pravorum,
2050 2823 2152 2874 per
2204 2822 2348 2874 quae,

720 2893 1021 2947 abutentes
1074 2893 1308 2945 arbitrio
1361 2900 1557 2945 nostro
1611 2910 1715 2943 nos
1780 2891 2061 2954 homineS,
2128 2911 2161 2944 a
2228 2892 2350 2943 Deo

719 2980 1057 3043 secedimUS,
1103 2987 1158 3032 et
1202 2987 1401 3032 contra
1444 2997 1573 3033 eum
1612 2981 1979 3042 rebellamus;
2020 2980 2148 3031 ideo
2187 2977 2349 3030 meri-

717 3076 779 3122 to
831 3068 1156 3121 excidentes
1209 3067 1385 3137 ipsius
1437 3067 1637 3136 gratia,
1693 3067 1749 3120 in
1797 3086 1970 3137 quam
2026 3086 2130 3120 nos
2182 3074 2351 3120 antea

716 3156 959 3225 benigne
1023 3155 1352 3208 admiserat.
1419 3156 1777 3208 Confitemur
1830 3155 2002 3208 etiarn
2057 3164 2112 3209 et
2173 3151 2348 3209 credi-
