2815 3911
700 442 883 485 LIBER
924 445 999 484 IV.
1021 460 1092 469 ·—
1113 447 1405 485 EPISTOLA
1444 446 1547 485 VII.
1833 447 1933 503 291

308 578 523 632 ditione
580 586 729 640 sunt,
788 577 954 630 saluti
1010 579 1319 632 consulere.
1379 581 1626 647 ExoptO,
1683 578 1935 647 inquam,

308 673 369 719 ut
406 684 502 719 rex
536 678 659 719 tum
698 663 872 718 divini
916 664 1099 718 cultus
1140 665 1339 735 gratia,
1380 674 1504 718 tum
1543 684 1678 717 vero
1718 665 1790 717 ad
1818 664 1935 717 ani-

309 769 466 806 mum
549 768 713 806 suum
804 751 1071 819 religione
1160 752 1582 816 exsolvendum,
1673 753 1938 807 omnibus

313 839 492 892 Indiae
536 839 778 909 oppidis,
824 859 950 908 quae
996 839 1286 892 Lusitanis
1328 848 1595 892 tenentur
1636 839 1934 908 praesidiis,

310 927 758 990 concionatoreS,
807 927 923 980 sive
963 945 1031 980 ex
1070 928 1278 981 nostris
1325 927 1669 991 hominibuS‚
1715 928 1832 981 sive
1872 946 1939 981 ex

314 1013 729 1076 Franciscanis,
771 1012 887 1065 sive
928 1034 994 1065 ex
1037 1012 1430 1066 Dominicanis
1470 1013 1707 1067 idoneos
1752 1022 1938 1082 cogat,

312 1102 408 1171 qui
462 1102 683 1154 caeteris
737 1103 985 1171 expediti
1044 1103 1209 1165 curiS,
1261 1121 1326 1153 ac
1376 1102 1563 1166 soluti,
1622 1102 1942 1155 Dominicis

312 1206 379 1241 ac
418 1186 576 1241 festis
618 1188 834 1250 diebus,
865 1188 1317 1242 antemeridiano
1337 1195 1614 1257 tempore,
1645 1189 1715 1243 de
1754 1191 1941 1244 Evan-

312 1275 457 1345 gelio
514 1277 685 1327 verba
744 1274 955 1327 faciant
1010 1276 1083 1327 ad
1141 1274 1480 1336 Lusitanos3
1547 1274 1943 1344 pomeridiano

312 1380 445 1416 vero
492 1381 687 1416 eorum
741 1364 916 1415 servis
966 1371 1021 1415 et
1070 1364 1305 1426 ancilliS,
1362 1363 1756 1433 indigenisque
1811 1382 1942 1417 neo-

314 1450 505 1520 phytis
544 1450 733 1519 capita
775 1449 1076 1518 explanent
1115 1449 1265 1503 fidei.
1295 1449 1494 1521 ⁴Semel
1522 1450 1694 1503 etiam
1724 1451 1780 1504 in
1809 1452 1943 1505 heb-

315 1540 562 1592 domada
614 1539 763 1608 apud
820 1537 1224 1590 Lusitanorum
1273 1555 1474 1588 uxores
1517 1556 1583 1589 ac
1625 1537 1832 1590 liberos
1872 1539 1942 1591 de

314 1625 572 1694 Symboli
619 1625 887 1688 articuliS,
933 1626 1003 1679 de
1049 1625 1421 1679 sacramentis
1467 1624 1841 1680 confessionis
1888 1634 1945 1681 et

317 1712 735 1766 communionis
773 1732 1093 1765 sermonem
1130 1711 1406 1765 habeant:
1438 1732 1541 1765 usu
1571 1711 1723 1765 enim
1752 1712 1943 1779 didici,

318 1808 668 1870 quantopere
714 1818 780 1853 ea
826 1799 1109 1852 institutio
1156 1799 1228 1852 sit
1275 1798 1363 1851 his
1412 1799 1550 1852 locis
1603 1801 1941 1854 necessaria.

392 1888 452 1940 Si
480 1905 670 1955 regem
699 1906 732 1940 a
760 1887 901 1939 meis
941 1887 1285 1939 fidelissimis
1324 1894 1494 1955 atque
1534 1888 1945 1942 amantissimis

320 1975 569 2026 consiliis
615 1992 729 2026 non
781 1973 1083 2026 abhorrere
1134 1974 1453 2036 arbitrarer,
1510 1974 1942 2028 saluberrimum

320 2061 369 2113 ei
410 2063 605 2114 darem
658 2061 975 2122 consilium,
1018 2068 1078 2113 ut
1122 2060 1376 2128 quotidie
1422 2079 1523 2128 per
1568 2063 1944 2130 quadrantem

321 2146 474 2200 horae
564 2147 814 2200 divinam
899 2146 1050 2199 illam
1159 2148 1501 2200 sententiam
1593 2148 1943 2212 meditando,

322 2234 465 2303 Quid
508 2234 715 2303 prodest
767 2232 985 2295 homini,
1031 2233 1079 2284 si
1125 2233 1424 2285 universum
1478 2234 1730 2286 muudum
1784 2235 1944 2287 lucre-

323 2326 423 2382 tur,
478 2321 669 2371 anim-oe
721 2338 837 2372 vero
893 2338 995 2371 suae
1046 2320 1407 2371 detrimentum
1464 2321 1770 2388 patiatur1?
1824 2341 1943 2390 ger-

324 2424 552 2457 manam
609 2405 729 2472 ejus
784 2404 1214 2472 intelligentiam
1262 2424 1295 2456 a
1342 2406 1466 2457 Deo
1520 2413 1757 2472 peteret,
1815 2425 1944 2460 cum

325 2510 492 2544 sensu
545 2492 719 2543 animi
772 2491 1038 2543 interiore
1084 2492 1467 2560 conjunctam,
1510 2500 1565 2544 et
1608 2492 1777 2545 simul
1822 2512 1947 2547 sua-

324 2597 448 2633 rum
491 2579 882 2647 precationum
930 2578 1185 2632 omnium
1231 2578 1383 2631 illam
1426 2578 1593 2634 vellet
1635 2597 1760 2635 esse
1800 2581 1949 2637 clau-

326 2666 534 2718 sulam:
583 2666 727 2735 Quid
761 2666 968 2735 prodest
1010 2665 1228 2727 homini,
1267 2665 1315 2717 si
1351 2665 1651 2718 universum
1697 2668 1945 2721 muudum

327 2753 567 2816 lucretur,
596 2761 652 2805 et
681 2771 807 2821 quae
854 2759 1183 2820 sequuntur.
1230 2752 1485 2820 Tempus
1516 2752 1637 2820 jam
1675 2762 1761 2807 est
1798 2753 1949 2808 hunc

327 2839 440 2908 regi
494 2857 741 2892 errorem
801 2837 1093 2907 eripiendi,
1149 2837 1418 2906 quoniam
1470 2838 1722 2907 propiUS,
1777 2858 1948 2909 quam

328 2925 447 2995 ipse
493 2925 796 2988 existimat,
844 2925 1005 2977 adest
1050 2924 1206 2987 hora,
1249 2942 1361 2992 qua
1400 2924 1554 2976 illum
1597 2927 1718 2978 Rex
1754 2944 1947 2996 regum

329 3020 384 3065 et
439 3012 721 3066 Dominus
779 3011 1197 3065 dominantium
1250 3012 1321 3063 ad
1375 3012 1655 3064 rationem
1716 3014 1952 3066 redden-

331 3099 462 3150 dam
491 3108 827 3151 evocaturus
855 3106 958 3160 est,
988 3097 1123 3148 illud
1151 3097 1444 3149 intonans:
1483 3099 1659 3150 Redde
1695 3100 1952 3152 rationem

375 3226 406 3261 1.
424 3225 566 3261 Matth.
584 3225 686 3261 XIV.
703 3226 757 3259 26.
