2815 3911
693 361 877 398 LIBER
918 362 992 398 IV.
1012 379 1083 386 --
1103 364 1359 403 SYMBOLI
1402 362 1802 403 DECLARATIO.
1957 363 2059 416 341

435 489 643 559 ginem,
690 510 777 544 nae
821 492 896 544 illi
942 495 1120 563 magis
1163 496 1530 549 abhorrerent
1574 515 1606 546 a
1649 502 1735 547 tot
1773 493 2064 562 tantisque

434 577 662 644 flagitiis
715 579 1130 648 sceleribusque
1183 584 1605 636 consciscendis
1657 599 1758 652 per
1811 599 1937 649 quae
1984 583 2063 633 lu-

433 663 682 717 dibunde
737 684 803 718 ac
856 664 1016 719 facile
1071 687 1191 721 sese
1243 669 1508 738 obligare,
1564 666 1786 720 luendis
1832 683 1933 734 per
1977 673 2060 718 to-

431 756 550 802 tam
605 752 984 805 aeternitatem
1038 755 1334 807 dirissimis
1385 757 1539 808 hisee
1587 755 1898 823 suppliciiS,
1947 771 2062 803 non

431 836 711 891 dubitant.
761 839 846 890 Ibi
890 847 975 891 est
1022 841 1251 893 Lucifer
1293 843 1557 910 princeps
1601 840 1892 892 rebellium
1938 840 2063 891 Deo

430 923 750 990 spirituum.
803 926 889 977 Ibi
938 944 1139 980 omnes
1186 929 1306 997 ejus
1352 937 1568 981 sectam
1622 927 1802 979 secuti
1852 927 2062 978 daemo-
2116 999 2118 1001 ‚

428 1027 545 1073 nes,
602 1010 731 1064 illuc
785 1031 814 1065 e
868 1013 1011 1066 coelo
1068 1015 1301 1068 detrusi.
1371 1015 1456 1068 Ibi
1524 1013 1715 1068 cuncti
1781 1020 2063 1081 quotquot

426 1097 497 1148 ab
563 1099 697 1150 orbe
764 1100 1000 1153 condito
1065 1101 1327 1154 ultimum
1395 1102 1659 1171 spiritum
1724 1107 1882 1153 extra
1958 1099 2065 1152 Dei

425 1185 667 1253 gratiam
721 1186 983 1254 efflarunt
1040 1187 1301 1242 homines
1347 1189 1526 1258 culpae
1573 1187 1799 1241 lethalis
1845 1188 1943 1239 rei.
1998 1189 2065 1238 In

424 1271 571 1324 hanc
617 1275 859 1341 stygiam
906 1274 1197 1329 fornacem
1245 1277 1340 1344 qui
1389 1276 1577 1329 semel.
1609 1282 1741 1328 sunt
1793 1275 2057 1342 conjecti,

424 1367 700 1410 aeternum
748 1361 869 1411 sine
917 1379 1015 1428 spe
1060 1371 1313 1429 gemunt,
1363 1381 1532 1413 sensu
1582 1379 1810 1427 semper
1861 1358 2059 1426 puncti

422 1443 550 1496 vivo
592 1444 908 1512 ingentium
948 1454 1002 1499 et
1041 1447 1540 1500 innumerabilium
1580 1445 1881 1507 malorum,
1922 1463 2057 1513 quo-

421 1546 545 1580 rum
600 1548 704 1581 nec
758 1531 1094 1593 remedium,
1150 1550 1254 1584 nec
1307 1531 1714 1592 laxamentum,
1763 1546 1868 1582 nec
1915 1530 2058 1582 sola-

419 1615 562 1667 tium
616 1617 701 1668 vel
759 1618 1081 1680 minimum,
1136 1637 1305 1686 posse
1370 1618 1508 1685 ipsis
1574 1615 1866 1668 undelibet
1928 1633 2059 1665 con-

418 1701 635 1769 tingere
680 1721 781 1771 per
828 1703 1112 1757 infinitam
1160 1705 1496 1757 saeculorum
1551 1703 1808 1755 omnium
1863 1720 2059 1770 peren-

419 1789 679 1853 nitatem,
738 1791 1235 1859 persuasissimum
1292 1791 1522 1844 habent.
1605 1792 1636 1816 '⁸

492 1877 542 1929 O
589 1876 789 1930 fratres
837 1879 965 1941 mei,
1013 1885 1151 1948 'quae
1202 1879 1360 1932 istaec
1412 1877 1720 1942 (malum)
1770 1875 2060 1928 dementia

417 1972 610 2017 nostra
687 1967 799 2018 est!
881 1966 960 2019 ita
1026 1984 1128 2019 nos
1199 1984 1427 2018 securos
1494 1966 1565 2016 ab
1633 1964 1790 2016 omni
1855 1963 2056 2014 tartari

416 2060 568 2104 metu
624 2053 829 2117 vivere,
885 2075 1013 2107 cum
1069 2055 1371 2107 criminum
1427 2055 1484 2106 in
1534 2054 1657 2106 dies
1709 2053 2055 2106 atrociorum

414 2143 788 2209 congerendis
874 2144 929 2195 in
1019 2144 1402 2195 conscientias
1482 2151 1708 2194 nostras
1785 2139 2055 2202 struibuS,

412 2227 659 2280 flammis
712 2229 818 2282 illis
873 2231 1236 2298 sempiternis
1290 2231 1590 2283 materiam
1646 2229 1843 2281 sedulo
1895 2246 2053 2297 pare-

412 2334 556 2366 muS.
611 2318 697 2367 An
753 2336 866 2369 non
920 2317 1028 2369 hoc
1082 2318 1355 2370 indicium
1403 2325 1489 2370 est
1538 2317 1773 2369 evidens
1820 2323 2050 2377 nostrae‚

410 2421 525 2455 non
603 2405 790 2457 dicam
870 2406 1129 2468 modicae,
1213 2407 1309 2457 sed
1377 2406 1543 2474 plane
1611 2403 1816 2455 nullius
1881 2401 2049 2454 fidei?

410 2490 635 2559 Quippe
689 2510 860 2560 quam
915 2493 1017 2545 etsi
1074 2493 1264 2561 lingua
1311 2494 1668 2561 profiteatur,
1713 2507 1918 2542 manus
1969 2497 2052 2541 ta-

409 2596 539 2629 men
594 2586 648 2630 et
703 2579 820 2631 vita
873 2578 1098 2631 certiori
1152 2586 1489 2647 argumento
1557 2577 1776 2639 refellit,
1846 2582 1906 2629 ut
1964 2592 2047 2628 re-

407 2682 605 2718 cusare
652 2675 915 2743 nequeat,
962 2667 1056 2736 qui
1101 2685 1160 2720 se
1204 2667 1577 2720 christianum
1624 2666 1830 2727 ferenS,
1877 2663 2046 2715 licen-

405 2755 545 2807 tiam
599 2766 852 2827 usurpat,
908 2758 963 2809 in
1017 2758 1327 2826 peccando,
1386 2757 1934 2810 Mahumetanorum
1989 2761 2046 2807 et

406 2843 795 2907 idolatrarum,
852 2845 986 2913 quin
1042 2845 1086 2897 si
1142 2846 1370 2912 quando
1425 2863 1547 2897 sese
1614 2845 1767 2897 dicat
1801 2841 2048 2895 'credere

405 2929 564 2995 ignes
617 2929 884 2993 infernOS,
916 2944 972 2983 et
1018 2949 1217 2999 poenas
1265 2930 1417 2982 nullo
1466 2930 1859 2983 terminandas
1911 2927 2044 2991 fine,

407 3017 514 3069 Dei
560 3017 741 3087 legem
790 3018 1164 3088 migrantibus
1211 3026 1481 3081 servataS,
1532 3017 1723 3070 fallere
1770 3035 1836 3068 ac
1885 3032 2045 3067 men-

404 3103 496 3159 tiri
556 3105 861 3170 judicetur,
931 3105 1207 3167 Ecclesia,
1273 3105 1359 3159 vel
1426 3106 1679 3162 fidelium
1746 3106 1803 3157 in
1874 3102 2041 3158 terris
