2815 3911
691 348 874 385 LIBER
914 348 989 385 1v.
1012 349 1396 387 —EPISTOLA
1434 349 1511 386 XI.
1810 346 1916 397 323

288 481 452 534 annis
500 480 767 543 minoreS,
815 498 945 538 cum
998 481 1323 550 baptismali
1377 480 1706 532 innocentia
1759 496 1916 529 exce-

289 566 431 620 dunt
477 582 508 619 e
552 565 686 619 vita.

361 649 628 713 Videsne,
684 649 856 703 frater
908 649 1255 714 charissime,
1310 660 1384 713 te,
1454 650 1535 704 uti
1599 650 1732 712 dixi,
1794 649 1922 716 plus

220 796 222 800 ,
289 736 434 801 istic,
490 756 661 807 quam
713 745 897 807 puteS,
952 739 1260 807 proficere?
1330 739 1397 791 Id
1460 739 1604 791 adeo
1658 736 1810 791 cerni
1840 735 1922 788 in

289 823 478 893 pueris
541 823 688 888 licet,
756 823 850 893 qui
915 824 1015 877 abs
1079 831 1135 877 te
1199 824 1472 894 baptizati
1535 823 1752 878 coelesti
1799 823 1921 892 jam

290 909 550 965 fruuntur
600 911 970 976 beatitudine,
1028 930 1138 982 qua
1202 912 1469 965 nimirum
1537 919 1813 976 carerent,
1878 910 1924 964 si

290 1005 351 1053 tu
428 1017 495 1052 ex
559 998 683 1053 istis
745 998 884 1052 locis
948 999 1323 1063 (115005515505,
1391 1017 1574 1068 neque
1651 1017 1749 1053 eos
1825 1017 1926 1068 per

290 1085 639 1153 baptismum
718 1084 948 1138 Christo
1023 1085 1331 1153 genuisses,
1400 1085 1711 1138 Enimvero
1778 1103 1924 1138 sem-

290 1171 544 1240 piternus
608 1172 791 1225 hostis
854 1172 1173 1224 animorum
1219 1180 1293 1235 te,
1348 1192 1519 1241 quem
1556 1171 1925 1224 vehementer

291 1260 428 1322 odit,
477 1259 900 1328 quamprimum
947 1258 1114 1311 istinc
1160 1260 1430 1311 excedere
1470 1267 1721 1327 exoptat,
1753 1267 1813 1311 ut
1857 1277 1925 1311 ex

291 1345 402 1399 isto
449 1345 885 1398 Travancoridis
938 1362 1110 1413 regno
1163 1346 1221 1396 in
1274 1345 1399 1397 coeli
1461 1363 1699 1414 regnum
1753 1362 1923 1397 nemo

290 1439 525 1485 vocetur
569 1431 626 1484 in
672 1439 982 1499 posterum.
1034 1433 1229 1484 Genus
1276 1439 1361 1484 est
1406 1432 1528 1500 ejus
1568 1431 1922 1494 insidiarum,

294 1518 567 1586 majorem
633 1516 766 1569 alibi
830 1516 1005 1570 divini
1071 1517 1329 1586 obsequii
1395 1536 1555 1586 spem
1616 1524 1924 1580 ostentare,

293 1614 353 1658 ut
393 1605 655 1658 videlieet
696 1605 959 1658 sollicitet
1000 1614 1171 1675 atque
1218 1614 1437 1658 avertat
1481 1624 1597 1668 005,
1639 1605 1735 1674 qui
1776 1603 1923 1657 utili-

292 1700 379 1746 ter
418 1692 512 1745 ubi
552 1700 684 1746 sunt
725 1710 956 1761 operam
1015 1700 1226 1745 navant
1270 1694 1412 1746 Deo.
1464 1695 1666 1762 Itaque
1706 1709 1920 1756 vereor,

293 1799 362 1833 ne
389 1788 465 1844 te,
508 1798 610 1833 suo
650 1779 743 1833 illo
771 1780 1010 1834 artificio
1047 1798 1363 1849 aggreSSUS‚
1394 1779 1606 1833 idcirco
1640 1779 1922 1844 sollicitet,

293 1876 353 1921 ut
407 1887 474 1920 ex
525 1867 648 1920 istis
700 1868 890 1937 abigat
943 1868 1098 1932 10015.

364 1956 437 2008 At
504 1962 792 2008 memento
856 1962 913 2008 te
978 1963 1107 2009 octo
1173 1955 1481 2018 mensibuS,
1538 1954 1742 2023 quibus
1795 1954 1923 2009 istic

291 2041 549 2104 versariS‚
605 2041 791 2109 plures
843 2040 1065 2093 animos
1114 2060 1498 2102 conservasse,
1548 2041 1921 2105 moribundiS,

293 2127 602 2180 infantibus
686 2127 1062 2195 baptizandis,
1151 2146 1321 2195 quam
1401 2128 1665 2180 omnibus
1739 2128 1920 2191 annis,

293 2213 497 2282 quibus
560 2213 616 2264 in
685 2213 981 2266 Lusitania
1045 2221 1215 2282 atque
1284 2214 1448 2266 India
1503 2212 1675 2266 fuisti.
1732 2215 1920 2283 Quare

295 2299 489 2352 desine
553 2300 762 2363 mirari,
817 2318 916 2353 cur
981 2300 1083 2353 tibi
1137 2308 1362 2353 tantum
1416 2300 1661 2353 facessat
1710 2301 1922 2369 negotii

298 2386 494 2437 Satan.
544 2385 768 2454 Quippe
815 2385 904 2437 ille
951 2385 1007 2437 id
1054 2386 1189 2453 agit,
1237 2386 1294 2437 id
1340 2394 1574 2453 pugnat,
1629 2393 1691 2438 ut
1743 2393 1812 2455 te·
1853 2387 1923 2439 de

298 2471 406 2525 ista
471 2473 699 2541 regione
764 2472 1004 2541 expellat
1069 2472 1127 2524 in
1179 2473 1367 2536 aliam,
1423 2473 1518 2524 ubi
1572 2472 1738 2525 saluti
1794 2491 1925 2525 eon-

299 2557 450 2612 sulas
513 2576 842 2628 paucorum.
912 2558 1057 2613 Illud
1122 2565 1313 2613 autem
1379 2559 1541 2623 scite,
1608 2559 1761 2628 quod
1818 2559 1923 2613 tibi

297 2652 522 2713 gratum
587 2645 709 2703 fore,
767 2646 1026 2709 arbitror,
1094 2646 1277 2699 500105
1342 2645 1662 2714 complures
1729 2663 1924 2706 mense

301 2735 619 2803 Septembri
669 2753 736 2787 ex
784 2735 1080 2788 Lusitania
1120 2733 1434 2787 advenisse.
1493 2734 1602 2787 His
1647 2753 1752 2803 ego
1797 2733 1925 2788 Goa

298 2819 597 2873 discedens
662 2820 952 2889 imperavi,
1020 2827 1080 2873 ut
1146 2820 1309 2873 nobis
1372 2812 1630 2873 venirent
1696 2820 1921 2874 auxilio.

301 2908 468 2958 Nunc
530 2906 711 2958 refero
776 2925 866 2957 me
932 2908 1137 2968 Goam,
1203 2906 1281 2974 pii
1346 2906 1645 2973 eujusdam
1711 2907 1925 2975 negotii

298 3010 495 3055 causa3
563 2994 714 3061 quod
779 2993 824 3045 si
890 2993 1166 3045 conficere
1230 3000 1487 3060 potuere,
1567 3011 1775 3061 magna
1833 3011 1924 3045 me

298 3096 427 3147 spes
463 3086 638 3142 tenet,
678 3079 1016 3131 christianos
1073 3078 1284 3131 factum
1324 3078 1388 3130 iri
1427 3097 1598 3146 quam
1628 3079 1920 3147 plurimos,
