2815 3911
745 346 927 385 LIBER
968 347 1054 385 III.
1077 363 1148 369 -
1170 348 1460 387 EPISTOLA
1501 349 1576 386 IV.
1873 349 1976 399 203

353 489 697 557 praeeuntem
761 488 1146 548 sequerentur.
1236 481 1490 550 Symboli
1562 481 1694 534 inde
1766 480 1973 549 capita,

354 583 404 628 et
493 575 779 639 praecepta
878 567 1148 636 Decalogi
1236 568 1419 636 patrio
1512 569 1762 637 ipsorum
1863 586 1975 622 ser·

353 676 514 713 mone
578 655 930 723 explicabam
996 656 1258 708 breviter.
1329 656 1442 709 Ubi
1504 657 1643 708 satis
1705 658 1777 708 ad
1838 657 1976 723 bap-

349 747 577 801 tismum
631 741 837 795 eruditi
890 741 1246 806 videbantur,
1303 742 1705 812 praecipiebam
1760 742 1859 806 eiS,
1916 749 1976 796 ut

351 829 534 886 cuncti
592 828 814 897 publice
874 846 904 880 a
966 830 1089 881 Deo
1148 830 1373 881 veniam
1431 837 1691 898 peterent
1750 838 1976 882 anteac-

352 928 421 974 tae
482 917 632 980 vitae,
694 915 865 984 idque
920 915 1069 968 clara
1124 934 1280 979 voce,
1336 935 1401 969 ac
1456 916 1836 985 praesentibus
1890 916 1976 980 iis,

352 1005 441 1076 qui
504 1002 887 1057 abhorrebant
942 1020 974 1056 a
1027 1002 1336 1057 christiana
1398 1004 1685 1073 religione,
1749 1005 1820 1057 ad
1875 1004 1976 1056 im-

351 1094 651 1165 proborum
724 1091 987 1145 videlicet
1054 1091 1490 1160 permotionem,
1558 1099 1614 1144 et
1679 1091 1977 1143 confirma-

349 1182 560 1235 tionem
641 1180 941 1231 bonorum.
1030 1180 1400 1231 Demirantur
1475 1180 1688 1231 scilicet
1764 1178 1977 1229 ethnici

349 1268 549 1320 divinae
615 1265 753 1333 legis
818 1266 1204 1328 sanctitatem,
1272 1284 1443 1334 seque
1508 1273 1627 1318 tam
1694 1265 1790 1318 diu
1854 1266 1978 1319 sine

348 1354 459 1406 veri
528 1352 635 1404 Dei
701 1352 907 1404 notitia
970 1352 1158 1404 vivere
1223 1353 1601 1414 erubescunt3
1666 1351 1977 1404 christiana

350 1439 614 1508 mysteria
693 1447 864 1507 atque
944 1439 1207 1492 instituta
1289 1439 1527 1492 audiunt
1610 1439 1976 1507 perlibenter,

351 1524 596 1592 mihique
666 1525 771 1593 ipsi
843 1524 1059 1577 homini
1126 1544 1391 1592 nequam,
1461 1543 1735 1593 magnum
1801 1524 1978 1577 hono-

349 1630 462 1662 rem
533 1611 771 1672 habent3
846 1611 1167 1679 complures
1231 1620 1426 1663 tamen
1492 1611 1794 1663 obstinatis
1859 1610 1976 1662 ani-

351 1697 454 1749 mis
530 1698 817 1765 cognitam
896 1706 1168 1766 respuunt
1246 1698 1564 1751 veritatem.
1647 1697 1828 1750 Simul
1911 1715 1977 1749 ac

350 1784 619 1852 peroravi,
685 1792 989 1853 percontor
1052 1784 1338 1853 sigillatim
1403 1786 1474 1837 ab
1537 1785 1622 1848 iis,
1689 1784 1783 1852 qui
1841 1784 1977 1852 bap-

349 1870 576 1922 tismum
632 1879 921 1939 expetunt,
978 1880 1169 1924 utrum
1224 1871 1459 1939 singulis
1512 1871 1646 1922 fidei
1696 1871 1980 1938 capitibus

350 1957 465 2009 sine
527 1958 638 2010 ulla
700 1958 1056 2011 dubitatione
1110 1958 1513 2011 assentiantur.
1570 1958 1861 2011 Continuo
1915 1958 1975 2009 il-

349 2043 400 2105 li,
465 2045 712 2098 brachiis
777 2046 833 2098 in
899 2047 1081 2099 crucis
1146 2047 1385 2115 figuram
1449 2046 1801 2115 compositiS,
1867 2064 1979 2097 una

350 2147 542 2182 omnes
594 2150 733 2184 voce
787 2132 1101 2195 clamitant,
1158 2151 1217 2185 se
1269 2150 1403 2185 vero
1457 2132 1683 2200 penitus
1738 2132 1974 2185 assenti-

351 2217 410 2268 ri.
484 2220 632 2270 Tum
710 2221 941 2272 demum
1017 2238 1114 2271 eos
1190 2220 1295 2272 rite
1364 2220 1613 2287 baptizo,
1680 2238 1747 2270 ac
1813 2237 1977 2269 suum

350 2301 546 2371 cuique
608 2325 818 2356 nornen
880 2305 1074 2357 ‘trado'
1109 2304 1383 2373 scriptum
1443 2305 1499 2357 in
1554 2304 1828 2358 chartula.
1891 2304 1977 2357 Illi

350 2390 448 2440 sub
499 2392 868 2460 baptismum,
925 2411 1086 2444 suam
1141 2394 1380 2462 quisque
1434 2393 1669 2443 domum
1718 2390 1975 2460 digressi,

350 2489 475 2525 suas
527 2476 796 2543 conjuges
842 2496 908 2529 ac
958 2477 1200 2531 familias
1253 2479 1325 2530 ad
1380 2496 1488 2540 me,
1536 2478 1806 2545 baptismi
1855 2495 1976 2545 gra-

347 2559 439 2624 tia,
504 2564 814 2617 adducunt.
873 2564 1191 2635 Baptizatis
1245 2564 1529 2628 omnibUS,
1585 2572 1791 2617 cuncta
1843 2564 1974 2617 deo-

348 2663 467 2700 rum
532 2650 663 2703 fana
728 2653 1051 2716 disturbari,
1120 2654 1422 2704 simulacra
1488 2654 1799 2704 comminui
1866 2663 1977 2703 sta-

348 2732 446 2787 tim
499 2736 734 2806 imperO.
793 2739 976 2792 Nullis
1027 2739 1214 2792 verbis
1267 2740 1492 2807 assequi
1546 2756 1775 2807 possem
1831 2756 1976 2803 eam,

347 2837 512 2885 quam
566 2844 633 2875 ex
686 2825 966 2893 ejusmodi
1015 2825 1340 2893 spectaculo
1388 2825 1552 2892 capio
1598 2825 1972 2892 voluptatem,

348 2922 471 2960 cum
549 2911 773 2964 videam
863 2912 1036 2965 everti
1123 2912 1416 2979 frangique
1496 2912 1647 2964 idola
1735 2912 1805 2963 ab
1886 2912 1976 2975 iis,

348 2995 438 3057 qui
498 2998 669 3048 modo
735 3008 894 3049 erant
961 2998 1293 3050 idololatrae.
1365 3000 1432 3049 In
1497 2998 1723 3064 oppidis
1789 2998 1975 3065 pagis-

348 3094 452 3146 que
505 3083 737 3151 singulis
795 3084 1164 3137 christianam
1224 3084 1665 3145 institutionem,
1721 3083 1975 3153 ipsorum
