2692 3907
748 364 854 416 424
1166 363 1349 399 LIBER
1387 362 1441 399 v.
1460 377 1531 382 —
1551 360 1844 399 EPISTOLA
1883 360 1960 397 v1.

747 499 1026 568 eligendO,
1082 500 1391 569 prudenter
1443 500 1701 570 inspecto
1766 509 1919 554 statu
1984 519 2171 554 rerum
2236 517 2377 569 prae-

748 587 1015 650 sentium,
1059 588 1348 651 decerneS,
1391 598 1452 641 ut
1493 596 1590 641 aut
1631 589 1688 640 in
1731 589 1957 657 publico
1999 587 2375 651 xenodochio,

746 682 842 726 aut
898 675 954 726 in
1003 675 1218 727 aedibus
1265 676 1542 727 Sodalium
1586 677 1982 738 Misericordiae,
2031 683 2128 728 aut
2174 676 2231 726 in
2278 676 2375 727 do-

748 762 1015 814 muncula
1079 762 1294 831 templo
1358 762 1563 826 vicina,
1629 771 1796 831 prout
1859 763 2045 831 'magis
2114 762 2376 830 expedire

747 848 1049 910 videbitur,
1080 848 1320 902 habites.
1378 848 1438 901 Si
1482 848 1781 916 contigerit
1819 858 1877 901 te
1904 869 1937 900 a
1967 869 2057 901 me
2103 848 2160 900 in
2205 851 2375 920 Japo-

745 935 900 987 niam
941 937 1151 1000 vocari,
1204 937 1416 989 scribes
1457 938 1729 989 continuo
1770 940 1841 989 ad
1883 946 2162 990 rectorem
2207 938 2375 1004 hujus

746 1023 983 1091 collegii,
1028 1024 1197 1091 idque
1239 1024 1458 1076 duabus
1497 1023 1749 1076 tribusve
1791 1023 1897 1074 viis
1940 1043 2040 1091 per
2076 1042 2249 1074 naves
2291 1031 2373 1074 to-

743 1110 919 1162 tidem
965 1111 1133 1162 istinc
1182 1113 1368 1162 Goam
1406 1128 1602 1162 versus
1646 1111 1948 1173 solventeS‚
1994 1128 2201 1179 rogans
2244 1127 2374 1161 eum

744 1205 804 1249 ut
846 1197 1141 1265 provideat
1194 1197 1439 1264 aliquem
1475 1216 1503 1248 e
1538 1197 1746 1248 nostris
1799 1197 2067 1248 idoneum
2108 1196 2375 1264 juvandis

744 1290 798 1334 et
829 1282 1192 1334 consolandis
1236 1283 1452 1334 civibus
1482 1283 1644 1334 istius
1674 1283 1846 1345 urbis,
1890 1301 2061 1350 quem
2090 1282 2147 1333 in
2178 1300 2244 1333 ea
2270 1282 2374 1333 tibi

743 1369 992 1421 statione
1033 1388 1427 1421 successurum
1472 1370 1897 1437 quamprimum
1939 1370 2207 1421 destinet.

816 1457 902 1508 Ad
950 1463 1266 1508 extremum
1314 1463 1371 1508 te
1417 1455 1603 1523 ipsum
1650 1455 1752 1508 tibi
1800 1454 1907 1522 ipsi
1950 1471 2066 1521 prae
2110 1453 2374 1507 omnibus

742 1542 1160 1610 impensissime
1214 1544 1585 1595 commendo:
1647 1563 1940 1612 nunquam
1993 1543 2096 1595 tibi
2150 1537 2412 1603 excidat.

742 1632 1017 1681 memoria
1069 1641 1126 1682 te
1180 1633 1500 1682 membrum
1553 1634 1688 1701 Jesu
1746 1632 2050 1683 Societatis
2103 1648 2244 1683 esse.
2308 1632 2373 1682 In

742 1718 1118 1783 singularibus
1185 1735 1309 1784 quae
1376 1736 1434 1769 se
1502 1717 1611 1768 illic
1678 1718 1914 1769 offerent
1980 1717 2374 1769 occasionibus

741 1803 1116 1870 gerendarum
1183 1822 1388 1864 rerum,
1453 1804 1587 1871 quid
1652 1805 1832 1871 magis
1886 1822 1915 1855 e
1971 1805 2077 1855 Dei
2141 1804 2374 1855 Domini

741 1891 917 1940 nostri
966 1891 1240 1958 obsequio
1289 1892 1379 1951 sit,
1429 1890 1548 1957 ipse
1596 1898 1651 1941 te
1701 1908 1834 1941 usus
1881 1898 1936 1942 et
1984 1907 2235 1958 praesens
2282 1907 2371 1942 ex-

740 1976 1019 2042 perientia
1060 1976 1313 2028 docebit:
1359 1994 1473 2027 non
1516 1984 1600 2028 est
1638 1976 1744 2027 hac
1783 1976 1893 2027 ulla
1932 1976 2131 2027 melior
2163 1985 2219 2028 et
2257 1996 2373 2028 cer-

740 2062 851 2114 tior
893 2064 1210 2130 prudentiae
1256 2064 1547 2130 magistra.
1606 2065 1722 2114 Fac
1752 2064 2102 2131 quotidianis
2144 2064 2275 2126 tuis,
2318 2073 2372 2116 et

738 2157 966 2200 tuorum
1022 2167 1163 2216 quos
1218 2149 1272 2199 in
1321 2149 1590 2215 religione
1637 2149 1861 2216 dirigeS‚
1911 2149 2174 2216 precibus
2221 2168 2372 2201 com-

739 2235 895 2284 muni
941 2254 1030 2286 me
1074 2235 1323 2285 Domino
1365 2237 1733 2286 commendes
1775 2236 2090 2303 diligenter.
2150 2238 2372 2289 Postre-

739 2341 832 2376 ma
879 2324 1061 2391 longae
1109 2341 1466 2392 paraeneseos
1514 2323 1637 2376 haec
1685 2323 2040 2391 praescriptio
2087 2324 2187 2376 sit:
2247 2324 2370 2377 Sin-

687 2418 689 2421 '
737 2411 881 2478 gulis
929 2411 1131 2463 saltem
1181 2410 1353 2462 semel
1402 2410 1779 2462 hebdomadis
1828 2410 1975 2461 hanc
2031 2412 2372 2478 scripturam

737 2505 958 2549 attente
1005 2506 1187 2549 totam
1240 2498 1439 2565 relege,
1497 2515 1567 2548 ne
1609 2515 1862 2564 unquam
1907 2498 1962 2548 in
2010 2516 2075 2548 ea
2123 2516 2372 2565 praecep-

736 2592 926 2635 torum
977 2584 1086 2635 ulla
1135 2591 1188 2636 te
1237 2584 1436 2635 subeat
1492 2581 1718 2634 oblivio.

814 2671 1096 2722 Dominus
1144 2671 1365 2722 utinam
1415 2671 1571 2722 Deus
1615 2679 1824 2733 noster,
1870 2680 1925 2723 te
1972 2671 2276 2723 comitetur
2318 2678 2372 2723 et

739 2759 849 2810 isto
903 2759 1103 2809 itinere
1152 2760 1426 2809 deducat:
1484 2759 1750 2824 idemque
1796 2767 1991 2809 tamen
2038 2767 2373 2825 permaneat

739 2845 830 2897 hic
886 2845 1209 2896 nobiscum!
1268 2844 1426 2895 Vale.

816 2935 975 2997 Goae,
1027 2935 1223 2986 Mense
1275 2932 1501 2996 Marti0‚
1549 2934 1655 2985 An.
1706 2934 2067 2986 MDXL1X0

1903 3022 2298 3073 FRANcrchs.

1168 3135 1270 3169 »4,-
1233 3111 1358 3172 ,ῑε
1370 3106 1536 3179 ἓ-43Σ
1531 3116 1584 3168 4
1597 3108 1884 3177 ἐξέξῆῑῗ
1862 3134 1956 3153 44
