2692 3907
779 362 883 428 406
1186 375 1366 410 LIBER
1404 373 1855 411 v.—-E1³1s·roLA
1892 373 1970 410 VI.

775 521 887 571 quo
924 503 1048 571 jure
1090 502 1387 571 quisquam
1429 502 1760 564 offendatur,
1805 500 1941 553 nihil
1980 517 2091 568 quo
2130 499 2380 567 legentes

776 589 959 657 primo
1001 589 1122 656 ipso
1165 596 1395 657 aspectu
1438 589 1509 641 ad
1553 589 1736 641 Deum
1779 588 2121 640 laudandum
2161 586 2379 655 ipsique

778 676 1200 745 obsequendum
1259 674 1644 745 impellendos,
1703 692 1815 727 non
1872 680 2141 744 appareat
2191 672 2379 726 verisi-

778 763 923 815 mile.
989 752 1297 815 Missitabis
1359 764 1528 814 etiam
1589 764 1841 831 ejusdem
1899 762 2231 829 argumenti,
2290 779 2377 813 ac-

776 850 1138 898 commodata
1183 850 1253 898 ad
1288 865 1567 917 >personas
1613 848 1890 910 cautione,
1936 847 2191 915 proprias
2235 846 2379 898 litte-

777 950 866 986 ras
909 934 979 986 ad
1022 934 1092 985 D.
1134 933 1478 1002 episcopum,
1520 940 1575 986 et
1615 933 1683 985 ad
1728 934 2000 986 Cosmum
2041 930 2377 1000 Agnezi-um;

777 1029 1077 1088 utrumque
1129 1020 1456 1087 impertiens
1508 1019 1705 1071 faustis
1757 1019 1967 1071 nuntiis
2019 1018 2232 1070 fructus
2282 1035 2382 1086 per
2449 1003 2453 1007 ⁴

778 1107 883 1160 Dei
946 1106 1397 1159 benedictionem
1474 1104 1765 1159 existentis
1834 1123 1900 1158 ex
1969 1105 2185 1158 cultura
2253 1103 2380 1158 istic

776 1194 1111 1247 animarum.

849 1282 994 1333 Cum
1036 1280 1279 1348 primum
1322 1279 1644 1331 Armuziam
1687 1279 2023 1349 perveneris,
2063 1279 2213 1330 visas
2252 1296 2379 1331 cen-

776 1386 871 1420 seo
927 1368 1188 1436 privatim
1246 1385 1386 1437 quos
1443 1368 1685 1419 maxime
1744 1368 1949 1436 probos
2009 1384 2074 1420 ac
2133 1383 2378 1430 veraceS‚

778 1455 1054 1523 simulque
1097 1473 1315 1507 morum
1358 1454 1510 1508 urbis
1552 1472 1617 1507 ac
1659 1454 1980 1508 commercii
2022 1454 2232 1522 peritos
2271 1454 2380 1507 illic

777 1541 1035 1593 homines
1095 1541 1390 1608 repereris,
1453 1542 1523 1592 ab
1574 1540 1661 1592 his
1713 1541 1906 1592 sedulo
1957 1542 2200 1609 exquire,
2254 1559 2379 1609 quae

776 1628 851 1681 ibi
878 1628 1014 1681 vitia
1041 1628 1435 1681 dominentur?
1474 1645 1597 1696 quae
1634 1627 1892 1680 fraudum
1928 1645 2133 1695 genera
2166 1628 2222 1680 in
2248 1645 2377 1695 pac-

776 1713 849 1766 tis
891 1720 945 1765 et
988 1712 1450 1765 foenerationibus
1490 1712 1749 1779 vigeant?
1804 1732 1914 1779 quo
1959 1711 2046 1763 his
2097 1713 2262 1780 plane
2314 1733 2379 1764 ac

776 1809 930 1851 certo
972 1800 1292 1868 compertiS,
1336 1818 1533 1868 parare
1574 1801 1645 1850 ad
1685 1800 2005 1868 expeditum
2047 1818 2209 1852 usum
2253 1817 2379 1869 pos-

776 1888 852 1939 sis
897 1894 1058 1954 aptas
1102 1887 1349 1939 rationes
1394 1894 1447 1939 et
1493 1887 1923 1939 accommodata
1972 1887 2140 1938 verba
2184 1886 2250 1938 iis
2293 1886 2379 1939 vel

779 1973 1137 2034 dedocendis,
1190 1972 1277 2024 vel
1328 1973 1701 2041 increpandis,
1756 1973 1850 2041 qui
1903 1992 1962 2024 se
2014 1973 2132 2036 tibi,
2184 1973 2271 2025 vel
2322 1973 2378 2023 in

778 2061 1034 2112 familiari
1078 2078 1396 2128 congressu,
1438 2062 1524 2112 vel
1570 2062 1626 2112 in
1672 2061 2020 2113 confessione
2066 2076 2377 2113 sacramen-

778 2145 877 2199 tali
929 2145 1159 2199 offerent
1211 2145 1564 2214 palliatarum
1617 2164 1907 2199 usurarum
1961 2152 2056 2199 aut
2102 2145 2377 2215 captioso-

778 2252 901 2286 rum
953 2234 1030 2285 rei
1083 2242 1494 2297 contractuum,
1543 2234 1628 2286 vel
1674 2234 1899 2286 alterius
1944 2234 2256 2303 cujuspiam
2302 2233 2378 2286 af-

778 2321 917 2372 fines
963 2321 1294 2373 usitatarum
1339 2321 1394 2373 in
1438 2320 1529 2373 illo
1571 2328 1688 2374 tam
1733 2321 2010 2389 frequenti
2052 2339 2119 2373 ex
2159 2320 2379 2374 cunctis

777 2407 1037 2475 gentibus
1083 2407 1333 2476 emporio
1378 2407 1561 2459 omnis
1605 2408 1822 2476 generis
1866 2408 2224 2475 pravitatum.

853 2494 1095 2562 Singulis
1167 2495 1425 2547 noctibus
1498 2496 1697 2547 domos
1770 2496 1919 2546 urbis
1991 2495 2376 2558 obambulans,

779 2582 1203 2634 commendabis
1244 2583 1515 2650 suffragiis
1554 2583 1861 2635 viventium
1906 2583 2124 2635 animas
2153 2583 2377 2635 defunc-

778 2675 963 2720 torum
995 2711 1006 2730 ,
1062 2668 1116 2719 in
1171 2667 1500 2737 Purgatorio
1553 2688 1823 2720 noxarum
1895 2668 2155 2737 reliquias
2226 2669 2377 2720 luen-

773 2755 931 2816 tium,
961 2755 1142 2807 verbis
1169 2756 1238 2806 ad
1280 2754 1387 2806 hoc
1424 2762 1587 2807 utens
1628 2756 1838 2823 paucis,
1885 2757 1982 2806 sed
2025 2765 2155 2823 apte
2198 2756 2376 2807 delec-

775 2842 847 2894 tis
892 2843 961 2894 ad
1015 2843 1483 2894 commovendam
1537 2843 1956 2895 miserationem
2009 2843 2376 2904 audientium,

775 2936 829 2982 et
876 2928 1158 2995 religionis
1199 2947 1424 2980 sensum
1466 2929 1767 2996 quemdam
1809 2929 1875 2979 iis
1915 2929 2375 2996 ingenerandum.

772 3016 962 3066 Addes
1012 3034 1178 3067 voces
1230 3010 1431 3081 quibus
1478 3016 1718 3066 excitare
1766 3024 1999 3066 cunctos
2046 3017 2261 3066 coneris
2306 3017 2376 3066 ad

773 3100 1044 3152 orandum
1104 3119 1205 3173 pro
1262 3100 1557 3151 animabus
1614 3101 1828 3171 peccati
1887 3100 2106 3154 lethalis
2158 3100 2376 3152 macula
