2768 3911
3 2043 68 2094 ils

0 2146 64 2179 [o-

0 2213 65 2267 illi

0 2300 65 2351 Tvo

0 2386 61 2446 is,

5 2491 60 2524 »7⁵

0 2661 60 2698 US

3 2833 36 2866 ς»

0 3007 55 3041 eS

0 3075 53 3131 :is
96 3103 98 3105 ·

727 351 909 390 LIBER
950 351 986 389 1.
1009 368 1080 374 —-
1101 354 1390 392 EPISTOLA
1432 354 1504 392 ix.
1861 356 1929 407 49

303 481 422 550 ejus
483 480 769 533 declarata
828 481 1119 534 voluntate
1180 483 1496 535 aedificandi
1550 482 1768 550 collegii
1830 489 1929 534 aut

304 569 507 620 domus
567 567 797 618 nomine
861 568 1164 621 Societatis
1225 578 1451 621 nostrae.
1526 568 1757 620 Etenim
1820 566 1930 619 hoc

304 656 488 723 ipsum
540 653 725 705 calcar
777 655 1041 717 currenti,
1096 657 1246 723 quod
1299 656 1476 717 aiunt,
1524 655 1716 716 addet,
1770 672 1929 721 urge-

304 741 497 808 bitque
557 740 630 792 ad
682 748 844 793 tanto
905 740 1210 794 instantius
1271 731 1658 809 corripiendas
1717 738 1930 807 incepti

306 844 510 880 moras,
560 826 773 879 ‘Etiam
826 826 935 880 hoc
988 829 1139 896 quod
1192 828 1308 881 scio
1359 827 1521 881 vobis
1573 825 1763 880 indico
1816 843 1930 879 non

307 913 536 976 frustra;
604 913 684 967 sic
737 921 892 968 certo
948 914 1170 979 habete,
1233 933 1374 985 quas
1433 914 1561 968 tali‘
1593 920 1931 983 argumento

307 1000 414 1052 huc
475 997 684 1053 dabitis
743 1001 978 1064 litteraS,
1043 1020 1142 1070 per
1203 1002 1410 1054 multas
1471 1002 1649 1053 ituras
1710 1017 1931 1061 manuS,

309 1087 612 1139 multorum
661 1088 839 1140 oculis
888 1088 1172 1156 legendas

380 1176 466 1225 De
520 1175 828 1227 Francisco
886 1175 1148 1227 Mansilla
1200 1194 1366 1227 narro
1418 1174 1579 1227 vobis
1628 1173 1795 1242 plane
1841 1192 1931 1226 ex·

307 1268 522 1331 pertem
566 1281 695 1315 eum
739 1281 862 1316 esse
909 1281 1198 1317 sacrorum
1246 1255 1530 1316 ordinumss
1587 1262 1693 1316 Est
1737 1260 1794 1315 in
1840 1262 1929 1315 In-

307 1348 397 1403 dia
442 1347 760 1419 episcopUS,
810 1368 978 1420 quem
1027 1350 1365 1404 confidimus
1412 1349 1469 1401 in
1518 1349 1770 1401 Domino
1817 1366 1931 1400 non

304 1443 596 1505 gravatum
662 1437 727 1488 iri
791 1439 1006 1489 bonum
1071 1438 1220 1489 hunc
1283 1438 1466 1488 virum
1524 1437 1776 1496 initiare3
1845 1445 1929 1487 ut-

305 1525 544 1590 cumque
591 1525 772 1591 magis
817 1525 973 1577 illum
1021 1525 1250 1592 quidem
1293 1524 1432 1584 ZeIO,
1476 1522 1751 1585 bonitate,
1798 1521 1930 1575 sim·

305 1608 574 1678 plicitate,
642 1629 812 1680 quam
879 1610 1072 1665 multis
1135 1611 1337 1664 litteris
1411 1610 1782 1663 instructum:
1865 1627 1932 1662 ac
1997 1646 1999 1648 -

306 1697 408 1748 nisi
452 1698 622 1749 Dom.
656 1698 863 1751 Paulus
902 1707 1123 1767 partem
1152 1716 1269 1750 suae
1310 1697 1504 1750 multae
1545 1696 1819 1750 doctrinae
1857 1695 1933 1747 illi

305 1784 702 1848 communicet,
768 1784 932 1837 valde
1000 1802 1214 1847 vereor,
1281 1784 1337 1835 ni
1405 1785 1561 1836 Deus
1631 1782 1929 1851 adjuverit,

305 1877 361 1923 ut
425 1871 671 1924 examini
736 1889 1024 1925 sacrorum
1101 1871 1364 1925 ordinum
1431 1870 1793 1923 collationem
1859 1870 1936 1922 de-

305 1973 456 2009 more
492 1947 860 2026 praecessurO,
890 1977 993 2027 par
1029 1959 1365 2011 sustinendo
1394 1958 1732 2026 reperiatur:
1776 1958 1928 2025 quod

304 2043 346 2094 si
403 2046 704 2108 accideret,
764 2047 1013 2098 rationes
1070 2047 1436 2098 conturbaret
1494 2054 1736 2097 nostras.
1814 2047 1927 2097 Cu-

303 2138 455 2196 peret
508 2131 555 2183 is
607 2131 664 2183 in
717 2150 946 2185 omnem
1006 2141 1273 2184 eventum
1324 2132 1454 2184 talis
1507 2149 1691 2194 casuS,
1750 2131 1927 2199 impe-

304 2216 435 2270 trari
482 2217 587 2272 sibi
630 2237 663 2273 a
704 2219 865 2273 vobis
910 2221 1096 2273 Roma
1137 2218 1355 2281 litteras
1397 2218 1602 2289 quibus
1645 2218 1694 2271 ei
1737 2217 1927 2288 exqui-

307 2302 513 2356 sitioris
564 2323 598 2357 a
650 2306 909 2358 doctrina
961 2307 1033 2357 ad
1090 2307 1318 2357 ordines
1374 2323 1566 2357 sacros
1622 2313 1929 2372 apparatus

305 2391 481 2454 gratia
537 2393 724 2451 fieret3
790 2400 845 2443 et
905 2392 1191 2458 susceptio
1254 2399 1401 2443 extra
1465 2397 1690 2459 tempora
1755 2390 1927 2443 trium

307 2476 581 2543 majorum
639 2477 902 2531 ordinum
956 2477 1198 2531 totidem
1251 2476 1409 2531 festis
1470 2476 1669 2531 diebus
1731 2494 1928 2530 conce-

305 2561 543 2627 deretur,
597 2564 667 2617 ad
717 2564 929 2617 titulum
980 2564 1295 2617 voluntariae
1329 2564 1652 2634 paupertatis
1698 2569 1744 2615 et
1787 2564 1928 2633 suffi-

303 2647 622 2704 cientissimae
682 2651 1053 2721 simplicitatis.
1135 2651 1221 2703 Ad
1287 2651 1439 2720 quod
1504 2650 1928 2719 impetrandum

304 2749 428 2788 vere
479 2737 707 2808 allegari
758 2745 967 2807 potest,
1023 2737 1270 2807 suppleri
1317 2738 1374 2786 in
1420 2754 1488 2787 eo
1542 2736 1720 2786 multa
1771 2737 1928 2785 boni-

305 2829 436 2887 tate,
491 2835 547 2878 et
600 2835 799 2879 sancta
860 2827 1243 2895 simplicitate,
1306 2826 1594 2877 defectum
1656 2826 1933 2877 uberioris

305 2908 634 2966 litteraturae
649 2934 661 2975 3
723 2915 992 2965 nimirum
1046 2915 1093 2965 si
1145 2922 1371 2965 tantum
1426 2914 1623 2965 fuisset
1674 2920 1932 2965 versatus

307 3013 431 3050 cum
498 3001 814 3064 Bobadilla,
874 3008 1152 3069 quantum
1211 3019 1338 3054 cum
1402 2999 1705 3054 Cacerezio
1771 2998 1930 3053 fami-

306 3080 454 3140 liaris
499 3108 634 3143 usus
679 3088 897 3153 habuit,
944 3088 1226 3152 traxisset,
1272 3096 1332 3143 ut
1380 3087 1460 3152 fit,
1509 3086 1653 3143 forte
1699 3085 1933 3157 aliquid,

1643 3202 1682 3262 4
