2692 3907
745 385 849 439 370
1163 384 1347 422 LIBER
1385 384 1438 420 V.
1460 399 1532 405 --
1551 383 1842 421 EPISTOLA
1885 384 1945 420 11.

744 533 938 569 secum
978 514 1458 568 'communicanda
1500 514 1787 582 majestati
1834 522 1946 567 tuae
1989 514 2180 583 capita
2221 532 2370 583 quae-

745 603 878 656 dam
936 601 1087 656 circa
1143 600 1382 654 miseros
1441 600 1783 654 christianos
1834 619 1947 654 orae
2002 600 2372 654 Comorinen-

748 688 843 741 sis.
893 689 1098 757 Capiat
1140 688 1500 756 majestatem
1547 696 1707 741 tuam
1753 687 1942 756 aliqua
1988 688 2376 742 misericordia

748 773 991 837 illorum,
1038 792 1143 826 nec
1187 792 1419 842 gravere
1465 792 1589 826 esse
1632 773 1856 826 illorum
1899 781 2061 841 pater
2074 792 2087 835 ;
2136 772 2375 841 orphani

748 860 901 914 enim
945 869 1095 923 sunt,
1139 868 1322 913 morte
1365 878 1545 929 nuper
1591 859 1887 912 Michaelis
1929 858 2109 922 Vazii,
2157 858 2377 928 optimo

749 966 817 1002 ac
861 947 1159 1001 verissimo
1204 955 1365 1015 patre
1410 947 1642 1000 amisso.

826 1032 1091 1104 Quinque
1130 1041 1186 1086 et
1226 1032 1606 1103 quadraginta
1640 1033 1762 1102 jam
1802 1032 1936 1086 anni
1981 1041 2113 1087 sunt
2156 1052 2223 1086 ex
2265 1051 2378 1102 quo

752 1122 1054 1193 episcopus
1093 1121 1326 1190 quidam
1368 1123 1667 1184 ArmenuS‚
1709 1122 1941 1175 nomine
1978 1122 2244 1192 Jacobus·
2267 1123 2378 1175 Ab·

729 1227 883 1274 una,
939 1210 1064 1263 Deo
1116 1208 1207 1261 hie
1259 1217 1315 1262 et
1369 1209 1657 1279 majestati
1709 1218 1823 1263 tuae
1876 1209 2127 1263 inservit.
2184 1210 2415 1274 Homo·

754 1302 839 1351 est
882 1312 950 1350 ex
992 1312 1156 1365 aequo
1198 1293 1312 1350 fere
1344 1295 1469 1349 Deo
1512 1312 1677 1350 carus
1719 1296 1791 1351 ob
1827 1296 2096 1352 virtutem
2126 1313 2193 1351 ac
2220 1313 2378 1352 sanc-

751 1381 1099 1444 timoniam3
1166 1389 1222 1434 et
1287 1380 1574 1450 majestati
1624 1390 1775 1446 tuae,
1829 1401 1896 1435 ac
1948 1383 2212 1436 omnibus
2268 1382 2383 1435 fere

755 1469 850 1539 qui
902 1477 1142 1539 possunt
1188 1468 1400 1538 aliquid
1446 1468 1504 1520 in
1553 1471 1736 1534 India,
1784 1471 2075 1540 neglectus
2119 1489 2186 1523 ac
2231 1488 2383 1540 spre-

753 1564 863 1608 tus.
928 1556 1085 1608 Deus
1137 1554 1214 1607 illi
1266 1553 1346 1607 sic
1399 1556 1639 1609 merenti
1692 1576 1792 1624 per
1843 1575 1902 1610 se
1955 1557 2225 1619 consulit;
2280 1575 2385 1611 nos

754 1662 821 1697 eo
865 1644 1016 1697 haud
1059 1644 1302 1712 dignans
1344 1642 1582 1707 honore,
1635 1654 1696 1697 ut
1749 1644 2142 1699 instrumentis
2194 1654 2387 1699 utatur

759 1731 924 1786 nobis
975 1733 1048 1786 ad
1100 1731 1481 1786 consolandos
1527 1750 1720 1786 servos
1766 1750 1916 1786 suos,
1963 1733 2080 1786 Soli
2127 1751 2257 1787 eum
2300 1751 2384 1787 or-

756 1819 908 1871 dinis
966 1820 1163 1872 Sancti
1218 1820 1511 1874 Francisci
1563 1828 1755 1888 patres
1806 1819 1887 1873 ita
1938 1828 2155 1883 curant,
2209 1839 2387 1890 eaque

756 1907 1179 1976 amplectuntur
1230 1909 1628 1961 benevolentia
1679 1908 1768 1960 cui
1815 1908 1954 1959 nihil
1999 1909 2133 1961 addi
2178 1908 2386 1979 possit:

757 1994 973 2063 absque
1020 2012 1132 2064 qua
1177 1994 1340 2059 foret,
1382 1994 1603 2065 jamdiu
1648 1996 1833 2048 bonus
1878 2012 2048 2048 senex
2094 1995 2389 2050 confectus

759 2082 1028 2135 aerumnis
1069 2083 1313 2137 efflasset
1355 2084 1624 2137 animam.
1670 2084 1866 2136 Liceat
1906 2084 2197 2136 consulere
2238 2085 2391 2153 quod

759 2170 970 2224 sentio:
1018 2188 1362 2240 magnopere
1402 2179 1600 2225 auctor
1639 2189 1764 2225 sum
1815 2171 2104 2240 majestati
2150 2179 2282 2236 tuae,
2330 2179 2392 2225 ut

761 2259 834 2310 ad
887 2244 1063 2310 istum
1116 2259 1329 2311 bonum
1384 2258 1684 2327 praesulem
1730 2258 1898 2311 scribi
1944 2276 2105 2312 cures
2150 2268 2249 2313 tuo
2295 2277 2392 2313 no-

765 2343 916 2396 mine
968 2345 1155 2398 verbis
1207 2344 1535 2398 honorificis
1586 2353 1643 2398 et
1695 2345 2010 2407 benevolis;
2073 2345 2255 2399 indito
2305 2345 2392 2398 lit-

762 2433 898 2486 teris
945 2432 1169 2496 iisdem‚
1218 2434 1371 2502 quod
1417 2433 1597 2502 possit
1642 2433 2114 2502 gubernatoribus
2156 2451 2222 2486 ac
2264 2450 2389 2502 pro-

765 2520 1120 2573 curatoribus
1172 2521 1496 2584 monstrari,
1551 2522 1840 2584 mandato,
1888 2519 2205 2589 praesertim
2251 2539 2391 2589 prae-

766 2607 916 2662 fecto
969 2609 1293 2672 Cocinensi,
1349 2617 1409 2663 ut
1462 2626 1592 2663 eum
1646 2609 1947 2673 honorent,
2002 2609 2252 2678 hospitio
2304 2626 2392 2662 ex-

767 2695 999 2765 cipiant,
1054 2697 1252 2751 officiis
1303 2706 1358 2752 et
1411 2696 1600 2751 favore
1651 2705 2095 2767 prosequantur3
2149 2695 2395 2750 maxime

768 2803 898 2836 cum
940 2784 1076 2852 quid
1116 2793 1289 2854 petet,
1338 2794 1435 2838 aut
1478 2804 1589 2854 qua
1631 2803 1690 2838 re
1733 2785 2028 2853 indigebit.
2076 2786 2220 2839 Haec
2262 2784 2394 2840 scri-

770 2874 928 2935 bens,
973 2892 1088 2925 non
1130 2873 1206 2924 illi
1249 2873 1343 2942 pio
1386 2872 1630 2926 antistiti
1672 2873 1943 2941 prodesse
1985 2892 2052 2925 ac
2092 2871 2396 2941 gratificari

771 2978 863 3012 me
901 2960 1194 3028 putabam,
1236 2961 1336 3012 sed
1377 2959 1665 3028 majestati
1706 2966 1839 3012 tuae.
1883 2961 2033 3012 Nam
2074 2961 2125 3013 ei
2164 2977 2265 3028 per
2301 2960 2395 3012 be-

772 3048 1012 3100 neficam
1051 3055 1277 3115 patrum
1308 3047 1818 3100 Franciscanorum
1862 3046 2218 3109 charitatem,
2247 3063 2398 3100 nunc

772 3133 1003 3207 quidem
1061 3133 1199 3185 nihil
1251 3133 1438 3186 deest:
1495 3133 1765 3202 majestas
1815 3151 1949 3186 vero
2000 3141 2099 3187 tua
2150 3132 2398 3186 hominis
