2692 3907
742 354 844 392 202
1132 355 1314 392 LIBER
1359 356 1444 393 ΙΙΙ.
1468 372 1541 377 —
1563 356 1856 394 EPISTOLA
1899 357 1974 394 IV.

738 486 941 549 facitis,
1000 494 1220 538 tantam
1277 488 1424 540 hanc
1478 489 1728 541 excitant
1783 489 1839 540 in
1893 507 1984 541 me
2040 489 2211 541 vestri
2261 508 2369 544 me-

740 573 980 625 moriam
1036 592 1101 625 ac
1157 574 1522 626 desiderium.
1594 577 1730 638 Vos,
1787 575 2037 645 inquam,
2091 595 2193 628 vos
2246 577 2371 631 cha-

738 661 947 713 rissimi
1018 661 1236 724 fratres,
1309 663 1364 712 in
1445 663 1638 714 animo
1704 681 1831 714 meo
1895 671 2110 716 vestras
2186 664 2371 732 impri-

739 746 893 800 mitis
970 748 1206 815 species.
1286 750 1453 817 Quod
1532 749 1576 801 si
1655 768 1781 802 mea
1856 750 2028 803 vestri
2102 752 2372 806 memoria

736 841 900 886 tanta
962 841 1066 896 est,
1133 833 1313 887 fateor
1373 842 1623 888 vestram
1690 835 1801 888 mei
1860 835 2025 905 longe
2084 854 2207 889 esse
2261 855 2372 890 ma-

732 924 937 993 jorem.
1008 926 1165 977 Deus
1223 925 1386 978 vobis
1451 945 1554 995 pro
1619 934 1808 979 vestro
1868 927 2071 981 merito
2135 928 2373 997 gratiam

740 1011 972 1066 referat:
1035 1031 1168 1066 nam
1223 1032 1326 1081 ego
1381 1032 1496 1066 non
1550 1013 1658 1067 alia
1722 1013 1945 1068 ratione
1997 1034 2228 1084 possum
2284 1036 2374 1070 vo-

741 1100 827 1153 bis
881 1100 1225 1165 satisfacere,
1283 1103 1827 1171 quam'profitendo
1876 1121 1970 1156 me
2012 1104 2217 1157 vestris
2264 1122 2375 1157 me-

741 1190 864 1243 ritis
927 1190 1261 1244 satisfacere
1324 1191 1478 1244 nullo
1541 1193 1713 1244 modo
1774 1210 1963 1261 posse,
2030 1208 2160 1243 cum
2214 1191 2377 1260 plane

742 1278 935 1330 animo
1005 1279 1255 1341 videam,
1331 1287 1609 1348 quantum
1675 1280 1940 1331 omnibus
2005 1287 2213 1331 nostrae
2282 1280 2377 1331 So-

744 1365 968 1418 cietatis
1020 1365 1347 1418 hominibus
1400 1367 1658 1418 debeam.

821 1455 887 1504 In
949 1453 1058 1504 hoc
1127 1454 1570 1506 Travancoridis
1632 1472 1824 1521 regno,
1889 1453 1983 1505 ubi
2040 1470 2234 1505 versor
2291 1456 2378 1515 (ut

746 1538 959 1606 aliquid
1024 1540 1092 1589 de
1156 1541 1323 1590 rebus
1393 1540 1609 1590 Indicis
1672 1541 1935 1601 scribam,
1990 1557 2230 1607 quarum
2284 1557 2381 1589 vos

746 1625 1106 1676 avidissimos
1159 1643 1282 1676 esse
1336 1633 1491 1677 certo
1545 1626 1715 1689 scio),
1771 1626 2046 1693 plurimos
2101 1626 2257 1675 Deus
2309 1625 2377 1675 ad

749 1710 962 1764 Christi
1029 1711 1157 1763 Filii
1212 1712 1296 1764 sui
1351 1712 1588 1765 adduxit
1642 1712 1834 1765 fidem.
1904 1711 2119 1764 Mensis
2172 1710 2378 1778 quippe

747 1798 914 1849 unius
988 1798 1173 1866 spatio
1248 1799 1493 1867 amplius
1571 1799 1766 1851 decem
1846 1798 2144 1851 hominum
2211 1796 2381 1848 millia

747 1884 1057 1937 christiana
1119 1885 1252 1947 feci3
1334 1905 1445 1953 qua
1510 1887 1566 1937 in
1632 1905 1690 1938 re
1753 1886 1900 1938 hanc
1972 1885 2238 1938 tenebam
2301 1902 2382 1935 ra-

746 1971 996 2024 tionem:
1063 1971 1423 2025 ethnicorum
1479 1991 1673 2041 pagos,
1731 1991 1843 2041 quo
1896 1971 2167 2040 baptismi
2216 1988 2383 2023 causa

746 2058 1009 2121 vocabar,
1066 2058 1159 2110 ubi
1213 2059 1461 2127 primum
1510 2060 1830 2127 attigeram,
1879 2059 2047 2121 virOS‚
2097 2057 2378 2119 foeminaS,

749 2163 1069 2213 puerosque
1146 2165 1321 2197 unum
1399 2146 1455 2197 in
1535 2147 1723 2198 locum
1808 2146 1933 2214 cogi
2012 2144 2382 2213 imperabam.

749 2232 899 2284 Tum
954 2248 986 2283 a
1038 2232 1237 2298 primis
1301 2232 1627 2285 christianae
1690 2233 1820 2285 fidei
1880 2221 2175 2284 elementis
2228 2247 2383 2282 exor-

750 2336 862 2378 sus,
918 2317 1194 2368 docebam
1253 2338 1431 2369 unum
1498 2338 1622 2369 esse
1689 2320 1876 2369 Deum
1942 2319 2188 2379 Patrem,
2257 2314 2384 2366 Fili-

752 2422 847 2457 um
901 2413 955 2458 et
1013 2406 1286 2473 Spiritum
1345 2414 1640 2467 sanctum3
1700 2414 1755 2459 et
1810 2406 1977 2458 simul
2030 2404 2210 2458 tribus
2263 2421 2383 2471 per-

750 2490 922 2552 sonis,
991 2510 1215 2559 unoque
1283 2493 1408 2543 Deo
1480 2492 1763 2553 invocato,
1830 2500 1917 2543 ter
1980 2509 2038 2542 se
2101 2507 2386 2558 quemque

750 2580 856 2632 rite
927 2580 1149 2650 signare
1215 2581 1488 2650 jubebam
1556 2599 1739 2634 cruce.
1810 2581 2031 2633 Deinde
2097 2579 2384 2641 linteatUS‚

749 2667 1026 2736 generalis
1088 2667 1465 2721 confessionis
1528 2667 1848 2732 formulam,
1920 2666 2253 2737 Symbolum
2318 2666 2385 2717 A·

750 2754 1122 2822 postolorum‚
1191 2754 1564 2823 Decalogum,
1629 2756 1790 2807 Pater
1848 2761 2033 2817 noster,
2095 2754 2211 2806 Ave
2268 2752 2387 2804 Ma-

750 2843 852 2902 ria,
913 2851 967 2892 et
1027 2842 1184 2892 Salve
1238 2842 1467 2910 Regina,
1528 2842 1779 2909 ipsorum
1835 2842 2026 2909 lingua
2083 2841 2285 2904 (hasce
2337 2857 2387 2888 e-

78 2909 180 3002 ¹fg
752 2927 869 2978 nim
931 2927 1291 2994 precationes
1349 2927 1557 2979 abhinc
1619 2928 1850 2979 biennio
1915 2944 2217 2979 conversas
2278 2942 2388 2976 me-

106 2998 182 3029 ³⁹
753 3014 947 3064 moriae
1013 3015 1511 3075 commendaram)
1584 3032 1789 3081 magna
1855 3032 1993 3064 voce
2057 3013 2164 3063 illis
2227 3010 2384 3080 praei-

752 3100 912 3160 bam3
971 3100 1049 3152 sic
1105 3108 1163 3153 ut
1219 3117 1436 3163 omnes,
1492 3101 1766 3169 cujusque
1821 3100 2035 3153 ordinis
2083 3108 2138 3154 et
2188 3097 2388 3158 aetatis,
