2692 3907
1150 358 1334 398 LIBER
1374 359 1411 398 Ι.
1435 373 1507 380 --·
1528 359 1820 400 EPISTOLA
1862 359 1948 400 ΙΙΙ.

1214 574 1439 635 EPJS
1449 574 1513 633 T
1516 574 1701 635 OLA
1754 575 1889 636 III.

1173 813 1546 887 Societati,
1597 815 1937 875 Romam.

803 1055 1027 1124 Accepta
1089 1075 1121 1106 a
1168 1057 1284 1106 Deo
1333 1056 1391 1107 in
1438 1057 1622 1107 itinere
1671 1058 1740 1107 ad
1796 1058 2140 1109 Lusitaniam
2192 1058 2370 1125 benefi-

731 1141 814 1194 cia
826 1161 846 1203 ;
924 1142 1086 1211 legati
1153 1149 1200 1194 et
1271 1143 1543 1195 comitatus
1620 1143 1843 1210 ejusdem
1916 1145 2105 1213 religio
2115 1164 2137 1205 ;
2208 1162 2372 1213 grave

721 1229 1017 1297 periculum
1104 1229 1287 1297 equitis
1365 1248 1468 1280 non
1554 1229 1664 1280 sine
1740 1229 1997 1281 miraculo
2086 1231 2370 1300 depulsum.

730 1317 905 1385 AEger
966 1316 1253 1368 Rodericus
1308 1317 1359 1369 U
1362 1316 1610 1385 lyssipone
1663 1317 1755 1368 sub
1810 1317 2088 1369 adventum
2145 1317 2373 1370 Xaverii

730 1402 1016 1454 revalescit.
1068 1401 1300 1470 Affectus
1362 1401 1841 1471 Ulyssiponensium
1891 1422 2017 1473 erga
2079 1402 2373 1454 Xaverium

730 1497 778 1540 et
825 1491 1028 1540 divina.
1079 1491 1306 1540 Xaverii
1354 1497 1401 1540 et
1446 1491 1704 1541 sociorum
1749 1508 1861 1541 cum
1915 1509 2032 1560 rege
2078 1492 2375 1542 Lusitaniae

732 1594 1027 1646 congressus
1038 1595 1057 1637 ;
1123 1577 1276 1644 hujus
1324 1577 1382 1628 in
1431 1577 1739 1628 Societatem
1781 1577 2143 1639 benevolentia,
2197 1583 2244 1629 et
2281 1577 2373 1629 du-

735 1664 877 1715 bium
935 1664 994 1714 de
1058 1663 1341 1714 retinendis
1401 1663 1459 1713 in
1521 1663 1811 1714 Lusitania
1872 1664 2043 1715 sociis.
2109 1664 2373 1716 Xaverius

734 1750 1021 1802 auxiliares
1083 1750 1253 1818 copias
1313 1750 1372 1801 in
1425 1750 1643 1802 Indiam
1700 1750 1938 1817 requirit,
2007 1750 2205 1802 interea
2255 1767 2372 1802 con-

734 1836 966 1887 cionibus
1018 1835 1265 1886 habendis
1318 1840 1604 1904 occupatus.

811 1991 1013 2043 Gratia
1065 1998 1119 2042 et
1178 2009 1340 2042 amor
1406 1990 1620 2043 Christi
1690 1990 1924 2042 Domini
1984 1976 2183 2042 nostri*
2224 1990 2374 2042 adsit

737 2095 962 2147 semper
1014 2077 1179 2127 nobis
1231 2078 1438 2129 auxilio
1492 2085 1547 2130 et
1602 2077 1817 2130 favore!
1901 2079 2101 2130 Amen.

938 2249 1121 2286 ULTA
1198 2241 1253 2286 et
1308 2232 1579 2285 continua
1633 2232 1848 2286 Christi
1905 2232 2139 2286 Domini
2195 2232 2376 2285 nostri

963 2319 1240 2371 beneficia
1306 2319 1520 2387 experti
1580 2338 1777 2371 sumus
1829 2326 1955 2372 toto
2009 2319 2209 2372 itinere
2263 2339 2376 2388 quo

743 2407 929 2457 Roma
973 2408 1029 2456 in
1087 2408 1445 2458 Lusitaniam
1499 2407 1777 2468 venimUS‚
1821 2408 1878 2457 in
1920 2423 2032 2474 quo
2073 2422 2376 2473 consump-

741 2491 919 2544 simus
994 2499 1111 2546 tres
1176 2509 1419 2545 menses,
1501 2493 1589 2544 Eo
1646 2498 1811 2545 tanto
1873 2494 2060 2546 tractu
2125 2491 2378 2544 locorum

741 2586 795 2631 et
849 2586 1194 2648 temporum,
1249 2579 1306 2631 in
1358 2585 1444 2632 tot
1491 2578 1782 2647 tantisque
1829 2577 2258 2632 difficultatibus
2312 2595 2378 2631 ac

739 2667 1045 2729 laboribUS‚
1111 2685 1276 2719 usum
1347 2684 1572 2734 semper
1646 2666 1817 2718 fuisse
1885 2666 2106 2734 optima
2166 2665 2378 2718 valetu-

741 2753 873 2804 dine
954 2754 1252 2805 dominum
1335 2754 1605 2821 legatum,
1698 2762 1754 2804 et
1845 2754 2168 2804 universam
2259 2753 2380 2821 ejus

741 2840 1015 2893 familiam
1090 2859 1123 2894 a
1192 2841 1442 2893 maximo
1508 2858 1686 2909 usque
1751 2842 1821 2894 ad
1890 2840 2210 2902 minimum,
2293 2856 2380 2892 res

742 2935 828 2979 est
884 2928 1034 2980 unde
1095 2928 1303 2981 multas
1361 2927 1558 2979 laudes
1614 2927 1936 2995 etbgratias
1984 2927 2215 2980 Christo
2266 2928 2380 2978 Do-

744 3013 899 3065 mino
953 3022 1150 3066 nostro
1197 3015 1356 3065 reddi
1410 3032 1512 3083 par
1558 3014 1657 3076 sit;
1720 3014 1965 3066 maxime
2020 3015 2191 3083 quod,
2234 3013 2380 3066 ultra

744 3119 1110 3154 communem
1186 3119 1351 3155 suum
1419 3118 1778 3164 concursum,
1845 3103 2189 3169 peculiarem
2264 3118 2380 3156 suae
