2692 3907
802 373 907 442 396
1222 388 1406 426 LIBER
1445 389 1899 426 v.—-EPIST0LA
1941 387 2020 426 VI.

875 507 1053 572 Cave*
1091 520 1167 570 sis
1229 539 1480 589 unquam
1545 539 1848 587 personam
1903 536 2247 586 personasve
2301 516 2432 569 insi-

799 626 938 678 gneS
991 610 1288 678 dignitate,
1339 610 1655 678 praesertim
1704 617 1967 677 gerentes
2015 608 2432 682 magistratum,

801 695 1143 748 nominatim
1204 714 1305 763 pro
1365 694 1638 747 concione
1698 694 1961 761 objurges
2015 701 2112 747 aut
2165 693 2434 761 perstrin-

799 801 919 851 gas,
971 784 1030 833 Si
1078 784 1212 850 quid
1267 783 1324 832 in
1378 783 1444 833 iis
1498 780 1847 849 displicuerit
1902 781 2054 848 quod
2108 780 2433 847 significan-

801 869 937 920 dum
990 876 1175 935 putes,
1231 867 1495 935 privatim
1552 867 1851 920 conventis
1899 867 2107 930 indica,
2155 867 2242 919 vel
2288 867 2435 919 ultro

800 957 872 1007 ad
936 955 1354 1007 confessionem
1414 953 1819 1006 accedentibus
1879 953 1934 1004 in
1994 971 2203 1005 arcano
2261 952 2434 1005 tribu-

802 1041 916 1092 nali
969 1041 1324 1108 poenitentiae
1372 1042 1443 1092 ad
1491 1058 1685 1091 aurem
1734 1040 2042 1091 insusurra.
2091 1040 2177 1089 Ab
2224 1040 2291 1089 iis
2338 1058 2433 1107 pa-

800 1125 914 1177 lam
973 1126 1339 1179 traducendis
1398 1125 1633 1178 omnino
1692 1125 1943 1178 abstine:
2000 1142 2132 1177 nam
2185 1124 2293 1178 hoc
2345 1142 2435 1193 ge-

802 1232 909 1265 nus
962 1213 1261 1265 hominum
1316 1232 1527 1280 anceps
1581 1203 1635 1264 et
1689 1212 1976 1274 irritabile,
2032 1211 2435 1263 incomitiatio-

803 1299 970 1352 nibus
1024 1299 1346 1352 istiusmodi
1400 1300 1544 1352 adeo
1598 1317 1710 1351 non
1765 1299 1907 1352 solet
1961 1298 2183 1366 corrigi,
2231 1306 2292 1351 ut
2339 1297 2433 1350 ha-

801 1404 926 1437 rum
974 1385 1189 1448 acu100,
1239 1384 1390 1437 velut
1432 1393 1622 1437 oestro
1662 1385 1828 1448 tauri,
1871 1383 2087 1436 efferari
2132 1402 2435 1436 consueve-

801 1473 891 1534 rit,
941 1490 1214 1540 ruereque
1259 1474 1633 1539 perniciosius
1681 1474 1737 1523 in
1791 1490 2063 1540 praeceps.

875 1559 955 1609 Ac
1019 1576 1090 1609 ne
1150 1557 1403 1625 privatas
1464 1558 1693 1625 quidem
1758 1558 2180 1622 admonitiones
2237 1557 2474 1611 taliumv

801 1652 1015 1695 temere
1057 1653 1324 1706 attentes,
1367 1664 1502 1695 usus
1538 1644 1641 1696 tibi
1679 1643 1926 1712 primum
1965 1643 2167 1712 aliquis
2205 1651 2259 1696 et
2297 1662 2436 1711 prae-

800 1732 892 1783 Via
945 1731 1318 1793 familiaritaS,
1375 1749 1504 1783 cum
1559 1733 1625 1783 iis
1680 1741 1993 1794 contracta,
2051 1750 2194 1799 quos
2250 1750 2437 1784 emen-

801 1817 936 1867 dare
981 1817 1083 1878 vis,
1133 1817 1352 1868 aditum
1401 1817 1472 1868 ad
1521 1816 1643 1868 illas
1692 1816 1939 1876 muniat;
1998 1816 2206 1869 deinde
2260 1816 2436 1869 incre-

801 1905 1050 1973 pationis
1092 1905 1252 1974 quasi
1294 1913 1494 1957 tonum
1537 1905 1754 1957 intendi
1797 1914 1892 1957 aut
1936 1904 2150 1957 remitti
2192 1904 2436 1974 expedit,

801 2011 904 2060 pro
947 1993 1143 2060 gratiae
1174 1994 1324 2060 apud
1354 1994 1601 2046 amicum
1644 2012 1813 2061 quem
1855 1994 2043 2061 arguis
2083 2002 2215 2056 tuae,
2246 2001 2437 2045 aucto-

801 2080 1099 2148 ritatisque
1148 2100 1440 2141 mensura;
1490 2089 1550 2132 ut
1597 2080 1826 2132 liberius
1873 2089 1927 2134 et
1976 2080 2288 2132 districtius
2338 2080 2437 2132 tibi

802 2167 984 2233 magis
1022 2168 1351 2229 obnoxium,
1391 2169 1615 2234 parcius
1653 2176 1707 2219 et
1749 2168 2007 2219 timidius
2049 2168 2238 2219 minus
2278 2168 2436 2219 fami-

801 2252 996 2304 liarem
1045 2272 1266 2321 arguas.
1319 2255 1557 2321 Semper
1603 2263 1795 2307 autem
1844 2273 2096 2307 censurae
2152 2253 2436 2321 supercili-

801 2357 916 2402 um,
972 2338 1175 2392 frontis
1229 2339 1551 2402 serenitate,
1608 2340 1785 2392 arrisu
1836 2341 1965 2402 oris,
2016 2339 2296 2392 blanditia
2343 2340 2437 2392 ob-

800 2434 1029 2480 tutuum
1078 2427 1329 2495 mitiges:
1381 2427 1560 2479 multo
1607 2436 1798 2479 autem
1848 2428 2029 2496 magis
2078 2426 2438 2479 humanitate

798 2515 1120 2578 verborum,
1164 2524 1217 2567 et
1260 2514 1645 2568 declaratione
1687 2516 1916 2579 amoris,
1956 2516 2051 2584 qui
2089 2523 2145 2568 te
2186 2532 2330 2568 unus
2367 2514 2438 2567 ad
2506 2545 2508 2548 ⁴

801 2602 1125 2664 molestum,
1175 2603 1273 2654 sed
1321 2603 1724 2665 necessarium,
1776 2604 2091 2655 eximendae
2136 2603 2207 2654 ab
2253 2602 2439 2653 amico

800 2688 1176 2743 deformantis
1230 2689 1385 2742 illum
1440 2690 1581 2743 labis
1635 2700 1907 2743 conatum
1956 2689 2229 2759 impellat.
2283 2690 2437 2741 Inse-

799 2776 959 2830 rendi
1001 2778 1137 2845 quin
1168 2778 1340 2831 etiam
1383 2779 1666 2846 colloquio
1707 2779 2020 2846 ampleXuS,
2054 2778 2319 2831 demissae
2349 2795 2437 2831 ve-

799 2865 1143 2927 nerationeS,
1200 2873 1519 2933 caeteraque
1573 2866 1983 2918 benevolentiae
2036 2866 2293 2928 sincerae,
2358 2882 2438 2915 re-

797 2951 1067 3003 verentiae
1113 2970 1226 3003 non
1272 2951 1495 3014 fucatae,
1542 2952 1702 3020 signa
1752 2952 1985 3013 idonea3
2037 2970 2298 3020 quorum,
2347 2970 2440 3004 ve-

798 3037 878 3088 lut
928 3025 1108 3089 mellis
1155 3047 1252 3090 aut
1298 3040 1505 3089 sesami
1551 3041 1924 3101 admixtione,
1972 3040 2264 3092 amarities
2307 3057 2437 3090 con-

799 3122 987 3173 diatur
1040 3124 1301 3174 nauseosi
1358 3142 1458 3192 per
1512 3142 1633 3175 sese
1689 3126 1943 3186 remedii,
2000 3137 2073 3186 et,
2125 3125 2168 3174 si
2220 3141 2437 3179 merum
