<?xml version="1.0" encoding="UTF-8"?>
<!DOCTYPE html PUBLIC "-//W3C//DTD XHTML 1.0 Transitional//EN"
    "http://www.w3.org/TR/xhtml1/DTD/xhtml1-transitional.dtd">
<html xmlns="http://www.w3.org/1999/xhtml" xml:lang="en" lang="en">
 <head>
  <title>
</title>
<meta http-equiv="Content-Type" content="text/html;charset=utf-8" />
  <meta name='ocr-system' content='tesseract 3.04.00' />
  <meta name='ocr-capabilities' content='ocr_page ocr_carea ocr_par ocr_line ocrx_word'/>
</head>
<body>
  <div class='ocr_page' id='page_1' title='image "./pts_epistolae_3720-0638_v1_0238.png"; bbox 0 0 2815 3911; ppageno 0'>
   <div class='ocr_carea' id='block_1_1' title="bbox 0 0 404 916">
    <p class='ocr_par' dir='ltr' id='par_1_1' title="bbox 0 0 404 916">
     <span class='ocr_line' id='line_1_1' title="bbox 0 0 404 916; baseline 0 -429"><span class='ocrx_word' id='word_1_1' title='bbox 0 0 404 916; x_wconf 95' lang='lat' dir='ltr'>    </span> 
     </span>
    </p>
   </div>
   <div class='ocr_carea' id='block_1_2' title="bbox 556 398 1789 452">
    <p class='ocr_par' dir='ltr' id='par_1_2' title="bbox 556 398 1789 452">
     <span class='ocr_line' id='line_1_2' title="bbox 556 398 1789 452; baseline 0.001 -17"><span class='ocrx_word' id='word_1_2' title='bbox 556 399 739 435; x_wconf 90' lang='lat' dir='ltr'><strong>LIBER</strong></span> <span class='ocrx_word' id='word_1_3' title='bbox 780 399 866 435; x_wconf 90' lang='grc' dir='ltr'>ΙΙΙ.</span> <span class='ocrx_word' id='word_1_4' title='bbox 889 414 960 419; x_wconf 83' lang='grc'>-</span> <span class='ocrx_word' id='word_1_5' title='bbox 981 399 1272 436; x_wconf 87' lang='lat' dir='ltr'>EPISTOLA</span> <span class='ocrx_word' id='word_1_6' title='bbox 1311 399 1389 436; x_wconf 88' lang='lat' dir='ltr'>VI.</span> <span class='ocrx_word' id='word_1_7' title='bbox 1684 398 1789 452; x_wconf 84' lang='lat'>217</span> 
     </span>
    </p>
   </div>
   <div class='ocr_carea' id='block_1_3' title="bbox 170 529 1855 3203">
    <p class='ocr_par' dir='ltr' id='par_1_3' title="bbox 170 529 1791 1806">
     <span class='ocr_line' id='line_1_3' title="bbox 171 529 1788 605; baseline -0.007 -13"><span class='ocrx_word' id='word_1_8' title='bbox 171 538 349 605; x_wconf 84' lang='lat' dir='ltr'>ibique</span> <span class='ocrx_word' id='word_1_9' title='bbox 432 529 751 597; x_wconf 87' lang='lat' dir='ltr'>neophytos</span> <span class='ocrx_word' id='word_1_10' title='bbox 832 529 955 580; x_wconf 91' lang='lat' dir='ltr'>illos</span> <span class='ocrx_word' id='word_1_11' title='bbox 1035 530 1090 581; x_wconf 91' lang='lat' dir='ltr'>in</span> <span class='ocrx_word' id='word_1_12' title='bbox 1171 538 1436 597; x_wconf 80' lang='lat' dir='ltr'>suscepta</span> <span class='ocrx_word' id='word_1_13' title='bbox 1518 530 1788 597; x_wconf 80' lang='lat' dir='ltr'>religione</span> 
     </span>
     <span class='ocr_line' id='line_1_4' title="bbox 171 617 1788 680; baseline -0.006 -1"><span class='ocrx_word' id='word_1_14' title='bbox 171 624 574 680; x_wconf 80' lang='lat' dir='ltr'>confirmarem.</span> <span class='ocrx_word' id='word_1_15' title='bbox 641 617 885 670; x_wconf 87' lang='lat' dir='ltr'>Proinde</span> <span class='ocrx_word' id='word_1_16' title='bbox 943 617 1265 671; x_wconf 78' lang='lat' dir='ltr'>christianae</span> <span class='ocrx_word' id='word_1_17' title='bbox 1319 618 1450 670; x_wconf 90' lang='lat' dir='ltr'>fidei</span> <span class='ocrx_word' id='word_1_18' title='bbox 1502 618 1788 670; x_wconf 87' lang='lat' dir='ltr'>rudimen-</span> 
     </span>
     <span class='ocr_line' id='line_1_5' title="bbox 170 693 1788 780; baseline -0.002 -18"><span class='ocrx_word' id='word_1_19' title='bbox 170 725 225 770; x_wconf 81' lang='lat' dir='ltr'>ta</span> <span class='ocrx_word' id='word_1_20' title='bbox 282 719 449 778; x_wconf 77' lang='lat' dir='ltr'>atque</span> <span class='ocrx_word' id='word_1_21' title='bbox 511 713 816 775; x_wconf 81' lang='lat' dir='ltr'>praecepta,</span> <span class='ocrx_word' id='word_1_22' title='bbox 881 724 1008 758; x_wconf 89' lang='lat' dir='ltr'>cum</span> <span class='ocrx_word' id='word_1_23' title='bbox 1072 704 1226 757; x_wconf 86' lang='lat' dir='ltr'>brevi</span> <span class='ocrx_word' id='word_1_24' title='bbox 1289 724 1482 758; x_wconf 88' lang='lat' dir='ltr'>eorum</span> <span class='ocrx_word' id='word_1_25' title='bbox 1530 693 1788 780; x_wconf 23' lang='lat' dir='ltr'>*explica-</span> 
     </span>
     <span class='ocr_line' id='line_1_6' title="bbox 170 793 1791 862; baseline -0.005 -8"><span class='ocrx_word' id='word_1_26' title='bbox 170 802 332 860; x_wconf 90' lang='lat' dir='ltr'>tione,</span> <span class='ocrx_word' id='word_1_27' title='bbox 380 795 437 846; x_wconf 92' lang='lat' dir='ltr'>in</span> <span class='ocrx_word' id='word_1_28' title='bbox 483 793 733 862; x_wconf 91' lang='lat' dir='ltr'>ipsorum</span> <span class='ocrx_word' id='word_1_29' title='bbox 789 793 1038 861; x_wconf 79' lang='lat' dir='ltr'>linguam</span> <span class='ocrx_word' id='word_1_30' title='bbox 1090 794 1363 846; x_wconf 81' lang='lat' dir='ltr'>vertenda</span> <span class='ocrx_word' id='word_1_31' title='bbox 1416 794 1624 847; x_wconf 81' lang='lat' dir='ltr'>curavi.</span> <span class='ocrx_word' id='word_1_32' title='bbox 1682 795 1791 846; x_wconf 81' lang='lat' dir='ltr'>Par</span> 
     </span>
     <span class='ocr_line' id='line_1_7' title="bbox 172 880 1788 948; baseline -0.004 -9"><span class='ocrx_word' id='word_1_33' title='bbox 172 894 250 939; x_wconf 91' lang='lat' dir='ltr'>est</span> <span class='ocrx_word' id='word_1_34' title='bbox 309 882 477 943; x_wconf 90' lang='lat' dir='ltr'>enim,</span> <span class='ocrx_word' id='word_1_35' title='bbox 542 880 636 948; x_wconf 90' lang='lat' dir='ltr'>qui</span> <span class='ocrx_word' id='word_1_36' title='bbox 700 898 801 931; x_wconf 83' lang='lat' dir='ltr'>sua</span> <span class='ocrx_word' id='word_1_37' title='bbox 863 889 1066 947; x_wconf 92' lang='lat' dir='ltr'>sponte</span> <span class='ocrx_word' id='word_1_38' title='bbox 1120 880 1254 933; x_wconf 80' lang='lat' dir='ltr'>facti</span> <span class='ocrx_word' id='word_1_39' title='bbox 1307 881 1419 932; x_wconf 91' lang='lat' dir='ltr'>sint</span> <span class='ocrx_word' id='word_1_40' title='bbox 1473 880 1788 943; x_wconf 85' lang='lat' dir='ltr'>christiani,</span> 
     </span>
     <span class='ocr_line' id='line_1_8' title="bbox 172 965 1790 1035; baseline -0.004 -10"><span class='ocrx_word' id='word_1_41' title='bbox 172 974 270 1025; x_wconf 89' lang='lat' dir='ltr'>hos</span> <span class='ocrx_word' id='word_1_42' title='bbox 328 988 361 1021; x_wconf 81' lang='lat' dir='ltr'>a</span> <span class='ocrx_word' id='word_1_43' title='bbox 421 966 584 1019; x_wconf 88' lang='lat' dir='ltr'>nobis</span> <span class='ocrx_word' id='word_1_44' title='bbox 652 965 807 1018; x_wconf 89' lang='lat' dir='ltr'>omni</span> <span class='ocrx_word' id='word_1_45' title='bbox 870 985 976 1035; x_wconf 93' lang='lat' dir='ltr'>ope</span> <span class='ocrx_word' id='word_1_46' title='bbox 1033 965 1235 1035; x_wconf 81' lang='lat' dir='ltr'>juvari,</span> <span class='ocrx_word' id='word_1_47' title='bbox 1300 973 1471 1035; x_wconf 83' lang='lat' dir='ltr'>atque</span> <span class='ocrx_word' id='word_1_48' title='bbox 1534 974 1596 1020; x_wconf 94' lang='lat' dir='ltr'>ut</span> <span class='ocrx_word' id='word_1_49' title='bbox 1658 966 1790 1020; x_wconf 90' lang='lat' dir='ltr'>fidei</span> 
     </span>
     <span class='ocr_line' id='line_1_9' title="bbox 172 1052 1790 1121; baseline -0.003 -11"><span class='ocrx_word' id='word_1_50' title='bbox 172 1060 595 1116; x_wconf 90' lang='lat' dir='ltr'>incrementum,</span> <span class='ocrx_word' id='word_1_51' title='bbox 660 1061 715 1105; x_wconf 90' lang='lat' dir='ltr'>et</span> <span class='ocrx_word' id='word_1_52' title='bbox 776 1052 923 1104; x_wconf 87' lang='lat' dir='ltr'>vires</span> <span class='ocrx_word' id='word_1_53' title='bbox 985 1054 1056 1105; x_wconf 78' lang='lat' dir='ltr'>ad</span> <span class='ocrx_word' id='word_1_54' title='bbox 1120 1053 1371 1105; x_wconf 81' lang='lat' dir='ltr'>divinam</span> <span class='ocrx_word' id='word_1_55' title='bbox 1433 1053 1614 1121; x_wconf 88' lang='lat' dir='ltr'>legem</span> <span class='ocrx_word' id='word_1_56' title='bbox 1679 1072 1790 1105; x_wconf 90' lang='lat' dir='ltr'>ser-</span> 
     </span>
     <span class='ocr_line' id='line_1_10' title="bbox 171 1137 1791 1207; baseline -0.002 -13"><span class='ocrx_word' id='word_1_57' title='bbox 171 1140 406 1194; x_wconf 82' lang='lat' dir='ltr'>vandam</span> <span class='ocrx_word' id='word_1_58' title='bbox 470 1137 816 1190; x_wconf 81' lang='lat' dir='ltr'>necessarias</span> <span class='ocrx_word' id='word_1_59' title='bbox 878 1145 1076 1206; x_wconf 80' lang='lat' dir='ltr'>petant</span> <span class='ocrx_word' id='word_1_60' title='bbox 1139 1156 1171 1191; x_wconf 80' lang='lat' dir='ltr'>a</span> <span class='ocrx_word' id='word_1_61' title='bbox 1236 1139 1377 1201; x_wconf 88' lang='lat' dir='ltr'>DeO,</span> <span class='ocrx_word' id='word_1_62' title='bbox 1432 1139 1791 1207; x_wconf 79' lang='lat' dir='ltr'>precationes</span> 
     </span>
     <span class='ocr_line' id='line_1_11' title="bbox 172 1224 1789 1293; baseline -0.001 -15"><span class='ocrx_word' id='word_1_63' title='bbox 172 1228 223 1278; x_wconf 92' lang='lat' dir='ltr'>in</span> <span class='ocrx_word' id='word_1_64' title='bbox 282 1244 445 1277; x_wconf 86' lang='lat' dir='ltr'>suum</span> <span class='ocrx_word' id='word_1_65' title='bbox 509 1243 826 1275; x_wconf 90' lang='lat' dir='ltr'>sermonem</span> <span class='ocrx_word' id='word_1_66' title='bbox 890 1243 1192 1276; x_wconf 82' lang='lat' dir='ltr'>conversas</span> <span class='ocrx_word' id='word_1_67' title='bbox 1254 1225 1310 1275; x_wconf 93' lang='lat' dir='ltr'>in</span> <span class='ocrx_word' id='word_1_68' title='bbox 1368 1229 1638 1293; x_wconf 86' lang='lat' dir='ltr'>promptu</span> <span class='ocrx_word' id='word_1_69' title='bbox 1693 1224 1789 1276; x_wconf 87' lang='lat' dir='ltr'>ha-</span> 
     </span>
     <span class='ocr_line' id='line_1_12' title="bbox 171 1309 1790 1373; baseline 0 -10"><span class='ocrx_word' id='word_1_70' title='bbox 171 1313 318 1363; x_wconf 90' lang='lat' dir='ltr'>bere:</span> <span class='ocrx_word' id='word_1_71' title='bbox 386 1309 653 1361; x_wconf 90' lang='lat' dir='ltr'>nimirum</span> <span class='ocrx_word' id='word_1_72' title='bbox 716 1311 877 1361; x_wconf 75' lang='lat' dir='ltr'>Pater</span> <span class='ocrx_word' id='word_1_73' title='bbox 935 1316 1120 1371; x_wconf 75' lang='lat' dir='ltr'>noster,</span> <span class='ocrx_word' id='word_1_74' title='bbox 1186 1311 1300 1361; x_wconf 83' lang='lat' dir='ltr'>Ave</span> <span class='ocrx_word' id='word_1_75' title='bbox 1360 1311 1565 1373; x_wconf 72' lang='lat' dir='ltr'>Maria,</span> <span class='ocrx_word' id='word_1_76' title='bbox 1628 1311 1790 1364; x_wconf 80' lang='lat' dir='ltr'>alias-</span> 
     </span>
     <span class='ocr_line' id='line_1_13' title="bbox 171 1394 1791 1465; baseline -0.001 -16"><span class='ocrx_word' id='word_1_77' title='bbox 171 1413 270 1465; x_wconf 90' lang='lat' dir='ltr'>que</span> <span class='ocrx_word' id='word_1_78' title='bbox 322 1412 534 1463; x_wconf 82' lang='lat' dir='ltr'>preceS,</span> <span class='ocrx_word' id='word_1_79' title='bbox 590 1394 834 1447; x_wconf 83' lang='lat' dir='ltr'>maxime</span> <span class='ocrx_word' id='word_1_80' title='bbox 885 1413 1019 1447; x_wconf 90' lang='lat' dir='ltr'>vero</span> <span class='ocrx_word' id='word_1_81' title='bbox 1065 1394 1366 1447; x_wconf 84' lang='lat' dir='ltr'>formulam</span> <span class='ocrx_word' id='word_1_82' title='bbox 1416 1394 1791 1449; x_wconf 89' lang='lat' dir='ltr'>confessionis</span> 
     </span>
     <span class='ocr_line' id='line_1_14' title="bbox 172 1481 1786 1550; baseline 0.002 -18"><span class='ocrx_word' id='word_1_83' title='bbox 172 1481 455 1548; x_wconf 66' lang='lat' dir='ltr'>generalis</span> <span class='ocrx_word' id='word_1_84' title='bbox 521 1483 608 1533; x_wconf 82' lang='lat' dir='ltr'>Ea</span> <span class='ocrx_word' id='word_1_85' title='bbox 663 1481 890 1548; x_wconf 90' lang='lat' dir='ltr'>quippe,</span> <span class='ocrx_word' id='word_1_86' title='bbox 946 1499 1060 1537; x_wconf 80' lang='lat' dir='ltr'>sua,</span> <span class='ocrx_word' id='word_1_87' title='bbox 1099 1482 1355 1549; x_wconf 86' lang='lat' dir='ltr'>quotidie</span> <span class='ocrx_word' id='word_1_88' title='bbox 1410 1483 1536 1534; x_wconf 94' lang='lat' dir='ltr'>Deo</span> <span class='ocrx_word' id='word_1_89' title='bbox 1588 1500 1786 1550; x_wconf 85' lang='lat' dir='ltr'>pecca-</span> 
     </span>
     <span class='ocr_line' id='line_1_15' title="bbox 170 1566 1790 1619; baseline -0.001 0"><span class='ocrx_word' id='word_1_90' title='bbox 170 1576 225 1619; x_wconf 80' lang='lat' dir='ltr'>ta</span> <span class='ocrx_word' id='word_1_91' title='bbox 284 1566 686 1618; x_wconf 85' lang='lat' dir='ltr'>confitentibus</span> <span class='ocrx_word' id='word_1_92' title='bbox 750 1567 855 1618; x_wconf 90' lang='lat' dir='ltr'>erit</span> <span class='ocrx_word' id='word_1_93' title='bbox 920 1566 1292 1618; x_wconf 90' lang='lat' dir='ltr'>confessionis</span> <span class='ocrx_word' id='word_1_94' title='bbox 1360 1567 1790 1619; x_wconf 81' lang='lat' dir='ltr'>sacramentalis</span> 
     </span>
     <span class='ocr_line' id='line_1_16' title="bbox 172 1652 1789 1721; baseline 0.001 -18"><span class='ocrx_word' id='word_1_95' title='bbox 172 1653 304 1714; x_wconf 83' lang='lat' dir='ltr'>loco,</span> <span class='ocrx_word' id='word_1_96' title='bbox 360 1652 547 1719; x_wconf 78' lang='lat' dir='ltr'>quoad</span> <span class='ocrx_word' id='word_1_97' title='bbox 600 1653 959 1704; x_wconf 80' lang='lat' dir='ltr'>sacerdotum</span> <span class='ocrx_word' id='word_1_98' title='bbox 1016 1653 1383 1705; x_wconf 77' lang='lat' dir='ltr'>Macazaricae</span> <span class='ocrx_word' id='word_1_99' title='bbox 1437 1653 1642 1721; x_wconf 87' lang='lat' dir='ltr'>linguae</span> <span class='ocrx_word' id='word_1_100' title='bbox 1695 1670 1789 1721; x_wconf 92' lang='lat' dir='ltr'>pe-</span> 
     </span>
     <span class='ocr_line' id='line_1_17' title="bbox 175 1737 852 1806; baseline 0 -18"><span class='ocrx_word' id='word_1_101' title='bbox 175 1739 403 1791; x_wconf 88' lang='lat' dir='ltr'>ritorum</span> <span class='ocrx_word' id='word_1_102' title='bbox 461 1738 532 1790; x_wconf 91' lang='lat' dir='ltr'>sit</span> <span class='ocrx_word' id='word_1_103' title='bbox 594 1737 774 1806; x_wconf 81' lang='lat' dir='ltr'>copia.</span> <span class='ocrx_word' id='word_1_104' title='bbox 850 1786 852 1788; x_wconf 83' lang='grc'><em>,</em></span> 
     </span>
    </p>

    <p class='ocr_par' dir='ltr' id='par_1_4' title="bbox 173 1826 1855 2416">
     <span class='ocr_line' id='line_1_18' title="bbox 242 1826 1788 1889; baseline 0 -12"><span class='ocrx_word' id='word_1_105' title='bbox 242 1827 298 1876; x_wconf 90' lang='grc' dir='ltr'>Ρ.</span> <span class='ocrx_word' id='word_1_106' title='bbox 357 1826 695 1878; x_wconf 80' lang='lat' dir='ltr'>Franciscus</span> <span class='ocrx_word' id='word_1_107' title='bbox 750 1826 1029 1889; x_wconf 79' lang='lat' dir='ltr'>Mansilla,</span> <span class='ocrx_word' id='word_1_108' title='bbox 1078 1844 1206 1878; x_wconf 91' lang='lat' dir='ltr'>cum</span> <span class='ocrx_word' id='word_1_109' title='bbox 1255 1827 1646 1879; x_wconf 77' lang='lat' dir='ltr'>sacerdotibus</span> <span class='ocrx_word' id='word_1_110' title='bbox 1694 1827 1788 1878; x_wconf 82' lang='lat' dir='ltr'>ali-</span> 
     </span>
     <span class='ocr_line' id='line_1_19' title="bbox 174 1909 1789 1979; baseline 0.001 -18"><span class='ocrx_word' id='word_1_111' title='bbox 174 1918 301 1977; x_wconf 85' lang='lat' dir='ltr'>quot</span> <span class='ocrx_word' id='word_1_112' title='bbox 369 1910 750 1963; x_wconf 80' lang='lat' dir='ltr'>Malabaribus</span> <span class='ocrx_word' id='word_1_113' title='bbox 810 1912 961 1979; x_wconf 81' lang='lat' dir='ltr'>apud</span> <span class='ocrx_word' id='word_1_114' title='bbox 1023 1911 1364 1964; x_wconf 84' lang='lat' dir='ltr'>christianos</span> <span class='ocrx_word' id='word_1_115' title='bbox 1418 1909 1789 1964; x_wconf 89' lang='lat' dir='ltr'>Comorinen-</span> 
     </span>
     <span class='ocr_line' id='line_1_20' title="bbox 175 1998 1788 2061; baseline 0.002 -15"><span class='ocrx_word' id='word_1_116' title='bbox 175 2014 255 2047; x_wconf 91' lang='lat' dir='ltr'>ses</span> <span class='ocrx_word' id='word_1_117' title='bbox 325 2007 537 2050; x_wconf 80' lang='lat' dir='ltr'>manet.</span> <span class='ocrx_word' id='word_1_118' title='bbox 617 1999 729 2052; x_wconf 93' lang='lat' dir='ltr'>Ubi</span> <span class='ocrx_word' id='word_1_119' title='bbox 803 2007 994 2051; x_wconf 78' lang='lat' dir='ltr'>autem</span> <span class='ocrx_word' id='word_1_120' title='bbox 1068 1998 1144 2048; x_wconf 89' lang='lat' dir='ltr'>illi</span> <span class='ocrx_word' id='word_1_121' title='bbox 1221 2007 1369 2061; x_wconf 89' lang='lat' dir='ltr'>sunt,</span> <span class='ocrx_word' id='word_1_122' title='bbox 1446 2017 1572 2049; x_wconf 83' lang='lat' dir='ltr'>mea</span> <span class='ocrx_word' id='word_1_123' title='bbox 1636 1998 1788 2050; x_wconf 80' lang='lat' dir='ltr'>haud</span> 
     </span>
     <span class='ocr_line' id='line_1_21' title="bbox 173 2086 1855 2155; baseline 0 -19"><span class='ocrx_word' id='word_1_124' title='bbox 173 2101 448 2152; x_wconf 80' lang='lat' dir='ltr'>quaquam</span> <span class='ocrx_word' id='word_1_125' title='bbox 532 2086 886 2140; x_wconf 82' lang='lat' dir='ltr'>desideratur</span> <span class='ocrx_word' id='word_1_126' title='bbox 968 2103 1157 2154; x_wconf 82' lang='lat' dir='ltr'>opera.</span> <span class='ocrx_word' id='word_1_127' title='bbox 1245 2087 1460 2149; x_wconf 80' lang='lat' dir='ltr'>PatreS,</span> <span class='ocrx_word' id='word_1_128' title='bbox 1542 2086 1636 2155; x_wconf 91' lang='lat' dir='ltr'>qui</span> <span class='ocrx_word' id='word_1_129' title='bbox 1716 2086 1788 2139; x_wconf 79' lang='lat' dir='ltr'>ad</span> <span class='ocrx_word' id='word_1_130' title='bbox 1852 2131 1855 2134; x_wconf 14' lang='grc' dir='ltr'><em>Α</em></span> 
     </span>
     <span class='ocr_line' id='line_1_22' title="bbox 176 2165 1785 2242; baseline 0.002 -21"><span class='ocrx_word' id='word_1_131' title='bbox 176 2165 584 2226; x_wconf 74' lang='lat' dir='ltr'>Mozarmbicurn</span> <span class='ocrx_word' id='word_1_132' title='bbox 660 2173 1001 2236; x_wconf 80' lang='lat' dir='ltr'>hiemarunt,</span> <span class='ocrx_word' id='word_1_133' title='bbox 1067 2192 1196 2226; x_wconf 92' lang='lat' dir='ltr'>cum</span> <span class='ocrx_word' id='word_1_134' title='bbox 1262 2173 1403 2236; x_wconf 79' lang='lat' dir='ltr'>aliis,</span> <span class='ocrx_word' id='word_1_135' title='bbox 1471 2191 1613 2242; x_wconf 88' lang='lat' dir='ltr'>quos</span> <span class='ocrx_word' id='word_1_136' title='bbox 1677 2171 1785 2226; x_wconf 94' lang='lat' dir='ltr'>hoc</span> 
     </span>
     <span class='ocr_line' id='line_1_23' title="bbox 174 2260 1788 2330; baseline 0.001 -21"><span class='ocrx_word' id='word_1_137' title='bbox 174 2275 312 2311; x_wconf 78' lang='lat' dir='ltr'>anno</span> <span class='ocrx_word' id='word_1_138' title='bbox 378 2269 791 2330; x_wconf 78' lang='lat' dir='ltr'>exspectamUS‚</span> <span class='ocrx_word' id='word_1_139' title='bbox 859 2261 1146 2314; x_wconf 78' lang='lat' dir='ltr'>Ceilanios</span> <span class='ocrx_word' id='word_1_140' title='bbox 1211 2260 1482 2330; x_wconf 77' lang='lat' dir='ltr'>dynastas</span> <span class='ocrx_word' id='word_1_141' title='bbox 1553 2262 1788 2312; x_wconf 91' lang='lat' dir='ltr'>domum</span> 
     </span>
     <span class='ocr_line' id='line_1_24' title="bbox 175 2345 841 2416; baseline 0.011 -22"><span class='ocrx_word' id='word_1_142' title='bbox 175 2345 465 2399; x_wconf 81' lang='lat' dir='ltr'>redeuntes</span> <span class='ocrx_word' id='word_1_143' title='bbox 518 2356 841 2416; x_wconf 91' lang='lat' dir='ltr'>sequentur.</span> 
     </span>
    </p>

    <p class='ocr_par' dir='ltr' id='par_1_5' title="bbox 172 2432 1788 3203">
     <span class='ocr_line' id='line_1_25' title="bbox 243 2432 1785 2502; baseline 0.001 -21"><span class='ocrx_word' id='word_1_144' title='bbox 243 2432 522 2499; x_wconf 84' lang='lat' dir='ltr'>Equidem</span> <span class='ocrx_word' id='word_1_145' title='bbox 588 2452 770 2502; x_wconf 85' lang='lat' dir='ltr'>sperO,</span> <span class='ocrx_word' id='word_1_146' title='bbox 837 2433 976 2485; x_wconf 93' lang='lat' dir='ltr'>mihi</span> <span class='ocrx_word' id='word_1_147' title='bbox 1041 2435 1097 2485; x_wconf 93' lang='lat' dir='ltr'>in</span> <span class='ocrx_word' id='word_1_148' title='bbox 1162 2434 1270 2486; x_wconf 91' lang='lat' dir='ltr'>hoc</span> <span class='ocrx_word' id='word_1_149' title='bbox 1335 2434 1534 2486; x_wconf 91' lang='lat' dir='ltr'>itinere</span> <span class='ocrx_word' id='word_1_150' title='bbox 1600 2435 1785 2484; x_wconf 91' lang='lat' dir='ltr'>Deum</span> 
     </span>
     <span class='ocr_line' id='line_1_26' title="bbox 174 2520 1786 2589; baseline 0.002 -22"><span class='ocrx_word' id='word_1_151' title='bbox 174 2533 473 2586; x_wconf 78' lang='lat' dir='ltr'>permagno</span> <span class='ocrx_word' id='word_1_152' title='bbox 538 2520 742 2573; x_wconf 76' lang='lat' dir='ltr'>auxilio</span> <span class='ocrx_word' id='word_1_153' title='bbox 808 2520 1093 2583; x_wconf 88' lang='lat' dir='ltr'>futurum;</span> <span class='ocrx_word' id='word_1_154' title='bbox 1161 2520 1460 2589; x_wconf 91' lang='lat' dir='ltr'>siquidem,</span> <span class='ocrx_word' id='word_1_155' title='bbox 1528 2528 1588 2574; x_wconf 92' lang='lat' dir='ltr'>ut</span> <span class='ocrx_word' id='word_1_156' title='bbox 1653 2520 1786 2583; x_wconf 82' lang='lat' dir='ltr'>dixi,</span> 
     </span>
     <span class='ocr_line' id='line_1_27' title="bbox 172 2607 1783 2675; baseline 0.004 -22"><span class='ocrx_word' id='word_1_157' title='bbox 172 2608 323 2656; x_wconf 78' lang='lat' dir='ltr'>tanto</span> <span class='ocrx_word' id='word_1_158' title='bbox 398 2625 524 2659; x_wconf 91' lang='lat' dir='ltr'>cum</span> <span class='ocrx_word' id='word_1_159' title='bbox 595 2608 769 2660; x_wconf 78' lang='lat' dir='ltr'>animi</span> <span class='ocrx_word' id='word_1_160' title='bbox 835 2609 946 2660; x_wconf 92' lang='lat' dir='ltr'>mei</span> <span class='ocrx_word' id='word_1_161' title='bbox 1011 2627 1177 2660; x_wconf 90' lang='lat' dir='ltr'>sensu</span> <span class='ocrx_word' id='word_1_162' title='bbox 1242 2608 1580 2675; x_wconf 80' lang='lat' dir='ltr'>gaudioque,</span> <span class='ocrx_word' id='word_1_163' title='bbox 1648 2607 1783 2675; x_wconf 92' lang='lat' dir='ltr'>quid</span> 
     </span>
     <span class='ocr_line' id='line_1_28' title="bbox 173 2690 1788 2764; baseline 0.004 -23"><span class='ocrx_word' id='word_1_164' title='bbox 173 2690 522 2754; x_wconf 84' lang='lat' dir='ltr'>potissimum</span> <span class='ocrx_word' id='word_1_165' title='bbox 596 2713 629 2748; x_wconf 83' lang='lat' dir='ltr'>a</span> <span class='ocrx_word' id='word_1_166' title='bbox 703 2713 793 2749; x_wconf 89' lang='lat' dir='ltr'>me</span> <span class='ocrx_word' id='word_1_167' title='bbox 858 2695 1123 2764; x_wconf 79' lang='lat' dir='ltr'>requirat,</span> <span class='ocrx_word' id='word_1_168' title='bbox 1192 2713 1305 2748; x_wconf 91' lang='lat' dir='ltr'>non</span> <span class='ocrx_word' id='word_1_169' title='bbox 1371 2702 1455 2748; x_wconf 92' lang='lat' dir='ltr'>est</span> <span class='ocrx_word' id='word_1_170' title='bbox 1519 2702 1788 2764; x_wconf 80' lang='lat' dir='ltr'>gravatus</span> 
     </span>
     <span class='ocr_line' id='line_1_29' title="bbox 174 2778 1786 2835; baseline 0.007 -12"><span class='ocrx_word' id='word_1_171' title='bbox 174 2778 479 2832; x_wconf 80' lang='lat' dir='ltr'>ostendere.</span> <span class='ocrx_word' id='word_1_172' title='bbox 558 2780 698 2834; x_wconf 88' lang='lat' dir='ltr'>Mihi</span> <span class='ocrx_word' id='word_1_173' title='bbox 771 2801 904 2834; x_wconf 90' lang='lat' dir='ltr'>vero</span> <span class='ocrx_word' id='word_1_174' title='bbox 977 2782 1120 2835; x_wconf 84' lang='lat' dir='ltr'>adeo</span> <span class='ocrx_word' id='word_1_175' title='bbox 1194 2788 1411 2835; x_wconf 90' lang='lat' dir='ltr'>certum</span> <span class='ocrx_word' id='word_1_176' title='bbox 1483 2799 1548 2835; x_wconf 83' lang='lat' dir='ltr'>ac</span> <span class='ocrx_word' id='word_1_177' title='bbox 1613 2781 1786 2835; x_wconf 83' lang='lat' dir='ltr'>fixum</span> 
     </span>
     <span class='ocr_line' id='line_1_30' title="bbox 174 2869 1786 2940; baseline 0.007 -29"><span class='ocrx_word' id='word_1_178' title='bbox 174 2870 250 2914; x_wconf 84' lang='lat' dir='ltr'>est</span> <span class='ocrx_word' id='word_1_179' title='bbox 300 2869 585 2934; x_wconf 86' lang='lat' dir='ltr'>perficere,</span> <span class='ocrx_word' id='word_1_180' title='bbox 641 2873 793 2940; x_wconf 92' lang='lat' dir='ltr'>quod</span> <span class='ocrx_word' id='word_1_181' title='bbox 847 2872 1037 2924; x_wconf 89' lang='lat' dir='ltr'>divino</span> <span class='ocrx_word' id='word_1_182' title='bbox 1091 2871 1362 2924; x_wconf 87' lang='lat' dir='ltr'>instinctu</span> <span class='ocrx_word' id='word_1_183' title='bbox 1417 2870 1670 2939; x_wconf 83' lang='lat' dir='ltr'>concepi,</span> <span class='ocrx_word' id='word_1_184' title='bbox 1726 2879 1786 2922; x_wconf 92' lang='lat' dir='ltr'>ut</span> 
     </span>
     <span class='ocr_line' id='line_1_31' title="bbox 175 2946 1786 3026; baseline 0.004 -23"><span class='ocrx_word' id='word_1_185' title='bbox 175 2946 212 2998; x_wconf 66' lang='grc' dir='ltr'>εἰ</span> <span class='ocrx_word' id='word_1_186' title='bbox 273 2951 411 3007; x_wconf 83' lang='lat' dir='ltr'>forte</span> <span class='ocrx_word' id='word_1_187' title='bbox 475 2956 531 3009; x_wconf 93' lang='lat' dir='ltr'>id</span> <span class='ocrx_word' id='word_1_188' title='bbox 588 2958 1103 3026; x_wconf 73' lang='lat' dir='ltr'>praetermitterem,</span> <span class='ocrx_word' id='word_1_189' title='bbox 1157 2958 1377 3011; x_wconf 85' lang='lat' dir='ltr'>viderer</span> <span class='ocrx_word' id='word_1_190' title='bbox 1428 2958 1594 3025; x_wconf 82' lang='lat' dir='ltr'>plane</span> <span class='ocrx_word' id='word_1_191' title='bbox 1649 2957 1786 3010; x_wconf 91' lang='lat' dir='ltr'>mihi</span> 
     </span>
     <span class='ocr_line' id='line_1_32' title="bbox 173 3046 1786 3115; baseline 0.003 -25"><span class='ocrx_word' id='word_1_192' title='bbox 173 3050 412 3103; x_wconf 77' lang='lat' dir='ltr'>pugnare</span> <span class='ocrx_word' id='word_1_193' title='bbox 485 3062 614 3096; x_wconf 90' lang='lat' dir='ltr'>cum</span> <span class='ocrx_word' id='word_1_194' title='bbox 691 3048 833 3109; x_wconf 92' lang='lat' dir='ltr'>Deo,</span> <span class='ocrx_word' id='word_1_195' title='bbox 910 3065 1092 3115; x_wconf 91' lang='lat' dir='ltr'>neque</span> <span class='ocrx_word' id='word_1_196' title='bbox 1167 3046 1223 3097; x_wconf 91' lang='lat' dir='ltr'>in</span> <span class='ocrx_word' id='word_1_197' title='bbox 1292 3046 1426 3108; x_wconf 80' lang='lat' dir='ltr'>vita,</span> <span class='ocrx_word' id='word_1_198' title='bbox 1493 3054 1590 3097; x_wconf 82' lang='lat' dir='ltr'>aut</span> <span class='ocrx_word' id='word_1_199' title='bbox 1656 3051 1786 3113; x_wconf 90' lang='lat' dir='ltr'>post</span> 
     </span>
     <span class='ocr_line' id='line_1_33' title="bbox 175 3132 1786 3203; baseline 0.006 -26"><span class='ocrx_word' id='word_1_200' title='bbox 175 3132 402 3180; x_wconf 78' lang='lat' dir='ltr'>mortem</span> <span class='ocrx_word' id='word_1_201' title='bbox 483 3132 786 3201; x_wconf 81' lang='lat' dir='ltr'>quicquam</span> <span class='ocrx_word' id='word_1_202' title='bbox 873 3134 998 3202; x_wconf 87' lang='lat' dir='ltr'>jure</span> <span class='ocrx_word' id='word_1_203' title='bbox 1077 3151 1300 3201; x_wconf 80' lang='lat' dir='ltr'>sperare</span> <span class='ocrx_word' id='word_1_204' title='bbox 1389 3133 1508 3202; x_wconf 75' lang='lat' dir='ltr'>jam</span> <span class='ocrx_word' id='word_1_205' title='bbox 1596 3149 1786 3203; x_wconf 86' lang='lat' dir='ltr'>posse.</span> 
     </span>
    </p>
   </div>
   <div class='ocr_carea' id='block_1_4' title="bbox 2306 0 2804 3908">
    <p class='ocr_par' dir='ltr' id='par_1_6' title="bbox 2306 0 2804 3908">
     <span class='ocr_line' id='line_1_34' title="bbox 2306 0 2804 3908; baseline 0 0"><span class='ocrx_word' id='word_1_206' title='bbox 2306 0 2804 3908; x_wconf 95' lang='lat' dir='ltr'> </span> 
     </span>
    </p>
   </div>
  </div>
 </body>
</html>
