2815 3911
760 402 942 441 LIBER
980 404 1032 442 V.
1052 420 1123 427 --
1142 405 1434 445 EPISTOLA
1475 406 1561 444 ΙΙΙ.
1871 404 1974 459 373

350 553 475 585 rum
540 534 835 597 adventus,
903 544 1178 604 quantum
1244 538 1382 589 mihi
1435 537 1649 591 laetitiae
1701 535 1975 590 attulerit.

352 622 509 675 Scito
562 622 731 690 igitur
775 631 830 675 et
876 623 1029 691 ipsos
1075 643 1311 693 magnos
1357 627 1412 679 in
1459 627 1674 694 pietate
1720 642 1975 693 progres-

349 728 444 760 sus
491 708 692 771 facere,
741 718 796 761 et
842 710 973 762 vitae
1020 712 1294 781 exemplo,
1344 712 1716 764 concionibus
1765 710 1973 762 haben-

348 796 453 859 dis,
508 797 807 849 audiendis
865 798 1329 862 confessionibu5‚
1390 798 1977 852 commentationibus

348 880 751 947 proponendis,
810 880 1045 948 privatis
1098 882 1492 949 congressibus
1545 902 1664 935 rem
1719 880 1975 936 christia-

347 987 480 1017 nam
534 967 739 1018 mirum
793 968 848 1017 in
902 970 1135 1019 modum
1182 969 1397 1037 juvare,
1454 958 1662 1039 magna
1714 969 1973 1020 omnium

347 1054 657 1107 voluntate.
715 1055 999 1110 Nimirum
1052 1056 1288 1123 egregiis
1339 1055 1431 1108 hic
1486 1054 1791 1109 Societatis
1842 1054 1978 1107 viris

348 1156 491 1205 opus
536 1146 621 1191 est
637 1157 648 1199 ;
700 1138 944 1191 maxime
986 1157 1118 1191 vero
1161 1139 1217 1190 in
1261 1140 1396 1191 urbe
1446 1139 1730 1201 Armuzia,
1776 1146 1832 1191 et
1877 1157 1975 1206 op-

348 1226 483 1294 pido
550 1225 678 1289 Dio,
746 1244 870 1294 quae
935 1225 1057 1278 loca
1121 1226 1272 1278 haud
1336 1227 1505 1294 paulo
1569 1227 1752 1295 magis
1803 1245 1977 1295 quam

350 1312 476 1365 Goa
529 1311 1024 1365 concionatoribus
1077 1319 1243 1380 egent
1289 1312 1423 1380 piis;
1479 1312 1558 1366 ita
1606 1311 1817 1366 multos
1867 1312 1976 1364 Lu-

348 1399 564 1450 sitanos
635 1399 845 1450 habent
910 1418 943 1449 a
1007 1399 1315 1451 christiana
1388 1400 1688 1468 disciplina
1752 1399 1977 1467 rituque

347 1486 774 1553 degenerantes.
821 1487 1020 1553 Itaque
1063 1493 1121 1538 ut
1172 1486 1497 1538 necessitati
1548 1485 1810 1548 serviam,
1864 1492 1975 1537 sta-

346 1572 428 1624 tui
486 1572 795 1623 Antonium
858 1573 1100 1633 Gomen,
1154 1573 1336 1623 virum
1390 1571 1786 1633 concionandi,
1841 1571 1975 1623 alio-

348 1676 585 1726 rumque
649 1658 953 1711 Societatis
1017 1677 1311 1711 munerum
1376 1658 1644 1712 facultate
1702 1667 1975 1727 praestan-

347 1753 482 1807 tem,
539 1746 763 1798 mittere
816 1746 1160 1797 Armuziam.
1219 1747 1296 1797 M.
1354 1747 1579 1813 Gaspar
1631 1746 1688 1797 in
1742 1744 1980 1811 collegio

349 1834 408 1881 S.
462 1832 620 1881 Fidei
675 1832 944 1882 manebit.

421 1921 525 1970 Nae
568 1927 628 1970 tu
671 1935 935 1986 magnam
977 1935 1009 1970 a
1052 1921 1175 1970 Deo
1217 1920 1407 1970 inieris
1447 1920 1711 1986 gratiam,
1755 1919 1801 1970 si
1845 1934 1974 1970 cum

347 2003 605 2071 plurimis
643 2023 672 2057 e
718 2005 1005 2057 Societate
1048 2005 1105 2056 in
1147 2005 1371 2056 Indiam
1411 2004 1722 2072 trajeceriS‚
1761 2011 1978 2057 tecum-

348 2109 456 2160 que
504 2100 723 2161 septem
771 2101 1013 2161 octoque
1060 2093 1510 2156 concionatoreS,
1560 2092 1815 2162 aliosque
1863 2110 1978 2144 ma-

346 2179 440 2247 gni
504 2196 637 2232 usus
698 2197 763 2232 ac
819 2179 1226 2232 moderationis
1278 2180 1429 2231 viros
1482 2179 1804 2232 adduxeriS.
1869 2180 1977 2231 Ne-

348 2284 455 2332 que
502 2265 653 2317 enim
702 2265 894 2318 multis
940 2285 1082 2332 opus
1126 2274 1210 2317 est
1255 2264 1457 2317 litteris
1500 2266 1570 2317 ad
1616 2264 1978 2317 ethnicorum

345 2352 794 2416 conversionem,
863 2353 1013 2421 quod
1079 2352 1281 2405 horum
1348 2352 1601 2405 locorum
1658 2371 1800 2421 gens
1852 2353 1976 2414 bar,-

345 2440 481 2491 bara
533 2440 843 2492 admodum
899 2440 969 2492 sit
1023 2448 1078 2492 et
1145 2439 1434 2507 imperita;
1491 2447 1551 2492 ut
1606 2438 1869 2491 homines
1922 2457 1976 2491 e-

346 2526 485 2578 tiam
530 2545 642 2578 non
687 2526 990 2578 multarum
1037 2526 1370 2587 litterarum,
1422 2527 1595 2578 modo
1639 2544 1976 2594 magnarum

346 2614 619 2666 virtutum
677 2631 742 2666 ac
800 2614 1022 2675 virium,
1077 2614 1360 2680 egregiam
1415 2614 1508 2666 hic
1563 2615 1687 2666 Deo
1740 2631 1975 2681 operam

347 2719 553 2751 navare
619 2711 847 2769 queant.
919 2704 985 2751 In
1050 2701 1283 2768 singulis
1344 2702 1524 2752 Indiae
1584 2702 1826 2769 oppidis,
1882 2703 1976 2753 ubi

347 2788 717 2841 concionator
769 2795 916 2841 esset
964 2804 993 2839 e
1042 2788 1328 2840 Societate
1381 2804 1512 2840 cum
1559 2788 1670 2841 alio
1716 2789 1975 2841 sacerdo-

346 2883 419 2938 te,
460 2876 554 2944 qui
597 2895 723 2927 eum
772 2876 827 2926 in
872 2874 1320 2927 confessionibus
1358 2875 1675 2939 audiendis,
1722 2875 1975 2944 reliquis-

346 2979 454 3029 que
510 2961 814 3014 Societatis
867 2961 1062 3013 officiis
1116 2961 1392 3012 obeundis
1444 2961 1761 3028 adjuvaret,
1811 2962 1976 3013 sedes

344 3047 516 3099 locari
568 3056 762 3115 posset
816 3048 1119 3108 sociorum,
1174 3048 1245 3097 ad
1303 3047 1708 3097 Lusitanorum
1760 3047 1974 3113 indige·

346 3150 660 3200 natumque
706 3133 909 3184 liberos
963 3132 1316 3189 excolendos
