2815 3911
612 362 796 403 LIBER
837 343 1280 407 1v.-—SYMBOLI
1323 366 1723 409 DECLARATIO.
1876 343 2006 419 353*

353 493 485 548 dine
538 495 823 564 appetitas
874 496 1212 565 voluptates,
1279 500 1549 569 imposita
1607 497 1985 563 invitissimis,

349 580 566 649 ignium
631 601 924 651 nunquam
990 584 1498 654 extinguendorum
1565 593 1780 639 aeterna
1844 583 1983 638 tole-

350 667 552 732 rantia,
606 667 777 732 luere,
832 669 1026 740 sicque
1077 670 1164 724 vel
1217 690 1341 724 sero
1406 671 1738 741 intelligere,
1804 689 1984 740 quan-

347 764 471 810 tum
526 757 739 810 malum
792 757 884 822 sit,
941 759 1047 811 Dei
1100 777 1320 812 summe
1384 758 1722 812 venerabilis
1784 776 1977 828 supre-

351 862 507 897 mum
562 862 791 908 numen,
846 851 1211 899 contemnere
1275 853 1445 914 atque
1512 845 1751 908 irritare,
1807 844 1981 898 fuisse

351 950 549 986 ausam
602 932 936 986 vilissimam
990 941 1325 988 creaturam.
1383 934 1493 986 His
1546 934 1617 987 de
1663 932 1851 986 causis
1897 951 1980 986 re-

353 1025 603 1088 surgent,
658 1026 720 1073 ut
786 1018 918 1083 dixi,
985 1021 1183 1074 omnes
1247 1020 1508 1074 homines
1571 1020 1706 1075 boni
1769 1020 1984 1089 pariter

351 1116 406 1160 et
454 1108 607 1172 mali,
656 1126 864 1178 magno
911 1108 1005 1160 illo
1051 1109 1140 1161 die
1178 1109 1377 1178 judicii
1421 1108 1699 1177 supremi3
1748 1107 1980 1161 animae-

349 1213 458 1264 que
522 1195 745 1249 illorum
810 1197 1010 1249 eadem
1076 1214 1201 1265 quae
1266 1198 1553 1250 nascendo
1611 1204 1975 1265 acceperunt,

350 1289 405 1335 et
453 1283 750 1352 usquead
797 1290 1040 1336 mortem
1094 1283 1436 1346 animarunt,
1485 1283 1690 1336 iterum
1738 1283 1981 1337 induent

350 1387 615 1437 corpora;
670 1368 738 1423 iis
791 1387 936 1423 nexu
989 1369 1256 1437 deinceps
1308 1369 1365 1422 in
1431 1387 1615 1422 aevum
1669 1387 1840 1424 omne
1899 1370 1980 1424 in-

350 1454 663 1506 dissolubili
716 1456 1012 1516 devinctae,
1067 1473 1195 1506 cum
1248 1455 1315 1506 iis
1379 1456 1560 1517 iturae,
1627 1464 1795 1523 prout
1844 1457 1978 1509 vitae

350 1541 623 1611 cujusque
688 1541 889 1594 merita
953 1548 1134 1604 erunt,
1201 1549 1296 1592 aut
1363 1541 1419 1590 in
1484 1540 1691 1593 coelum
1741 1543 1814 1594 ad
1858 1561 1977 1612 reg-

349 1629 603 1682 nandum
667 1646 796 1682 cum
864 1627 1094 1681 Christo
1158 1627 1215 1679 in
1279 1627 1457 1695 gloria
1519 1628 1806 1696 paradisi,
1883 1637 1981 1683 aut

349 1713 406 1766 in
457 1722 735 1774 tartarum
788 1714 860 1766 ad
924 1712 1266 1781 gemendum
1331 1730 1460 1766 cum
1532 1713 1777 1767 diabolo.
1848 1715 1979 1769 Hoc

350 1803 525 1856 voluit
571 1802 930 1872 promulgare
978 1803 1221 1853 Sanctus
1249 1798 1578 1851 Thaddaeus
1622 1800 1854 1870 quando
1901 1800 1982 1853 di-

352 1888 459 1943 xit:
516 1890 684 1943 Credo
735 1888 1153 1942 resurrectionem
1205 1887 1396 1939 carnis.

422 1976 708 2046 Quoniam
761 1984 952 2030 autem
1006 1980 1198 2027 noster
1250 1973 1474 2026 animus
1531 1973 1604 2027 ad
1669 1972 1977 2043 imaginem

352 2073 407 2119 et
473 2065 904 2119 similitudinem
971 2064 1078 2116 Dei
1144 2061 1575 2132 Omnipotentis
1641 2060 1843 2126 factus,
1897 2061 1979 2114 in-

351 2161 628 2221 quantum
675 2160 893 2205 naturae
940 2150 1265 2218 spiritualiS,
1315 2156 1401 2202 est
1453 2147 1728 2216 praeditus
1779 2155 1978 2216 poten-

349 2241 444 2294 tiis
520 2241 740 2293 divinas
816 2237 1194 2307 perfectiones
1273 2234 1664 2297 referentibUS,
1743 2234 1977 2298 scilicet,

348 2328 660 2391 voluntate,
726 2326 1032 2387 intellectU‚
1099 2323 1392 2386 memoria,
1458 2329 1648 2390 atque,
1703 2329 1764 2373 ut
1826 2321 1975 2385 talis,

350 2414 655 2468 instinctus
699 2414 770 2466 ab
816 2420 942 2465 ortu
989 2418 1074 2463 est
1120 2409 1318 2461 innato
1365 2407 1616 2477 quodam
1663 2413 1719 2459 et
1766 2424 1799 2459 a
1845 2424 1976 2459 con-

351 2502 534 2557 ditore
598 2501 789 2555 afflato
854 2497 1153 2560 desiderio,
1220 2512 1323 2548 suo
1376 2512 1435 2547 se
1486 2500 1795 2563 prototypo
1850 2493 1978 2562 jun-

353 2592 539 2661 gendi,
594 2590 802 2642 frustra
848 2588 1018 2640 istum
1073 2584 1245 2637 fuisse
1297 2590 1416 2635 tam
1470 2578 1766 2633 excellenti
1826 2598 1978 2633 crea-

351 2686 493 2732 turae
540 2697 573 2730 a
620 2679 892 2730 Creatore
941 2675 1065 2743 ipso
1117 2671 1362 2724 inditum
1416 2687 1640 2737 semper
1690 2667 1978 2737 vigentem

353 2765 690 2836 appetitum,
745 2761 1091 2818 credendum
1144 2758 1340 2829 utique
1393 2775 1509 2810 non
1561 2762 1665 2809 est.
1717 2756 1831 2808 Sed
1876 2772 1980 2825 pro

353 2852 836 2906 indubitatissimo
900 2849 1092 2919 potius
1154 2847 1485 2909 tenendum,
1551 2851 1721 2913 prout
1779 2861 1980 2896 omnes

354 2939 648 2993 christiani
732 2935 1229 3007 persuasissimum
1315 2933 1612 2995 habemuS‚
1706 2930 1978 2993 futurum,

358 3028 481 3079 Deo
534 3026 858 3095 adjuvante,
912 3023 1227 3075 humanum
1273 3020 1563 3081 animum,
1598 3018 1705 3070 nisi
1752 3035 1853 3095 per
1899 3016 1978 3085 ip-

354 3131 479 3167 sum
527 3120 656 3176 stet,
704 3111 850 3165 tanti
894 3109 1013 3163 voti
1065 3115 1412 3177 compotem,
1466 3113 1522 3159 et
1574 3112 1977 3174 perventurum

1492 3357 1570 3415 23
