2768 3911
809 374 991 412 LIBER
1032 375 1523 414 111.—EPISTOLA
1564 376 1600 412 1.
1915 356 2017 423 183

473 510 696 564 Referet
751 507 1036 574 majestati
1089 516 1203 561 tuae
1258 526 1382 576 quae
1436 526 1537 560 usu
1586 514 1879 575 comperta
1918 503 2015 556 ha-

400 604 489 654 bet
559 597 627 649 de
698 592 989 647 docilitate
1060 592 1259 648 harum
1326 594 1620 648 nationum
1686 593 1757 646 ad
1823 592 2014 653 fidem,

400 691 575 755 deque
634 681 855 734 caeteris
913 682 1434 749 opportunitatibus
1491 701 1616 749 quae
1675 680 1767 732 hic
1824 697 1884 731 se
1936 678 2015 731 of-

400 775 578 827 ferunt
653 768 731 821 rei
807 767 1129 820 christianae
1203 770 1346 821 bene
1418 769 1697 836 gerendae,
1772 765 2018 818 Michael

401 858 620 919 Vazius,
688 855 783 923 qui
847 855 1253 923 proepiscopus
1316 855 1407 908 hic
1472 855 1593 918 fuit,
1659 854 1792 906 hinc
1845 853 2017 905 modo

398 948 464 998 ad
537 962 637 995 vos
710 942 1010 993 transiens.
1090 944 1145 992 Is
1218 950 1441 994 tantum
1518 941 1598 993 sui
1673 939 2015 992 desiderium

399 1030 715 1099 christianis
781 1029 981 1082 harum
1046 1030 1291 1098 partium
1355 1029 1637 1099 relinquit,
1701 1036 1761 1080 ut
1823 1026 2014 1079 remit-

398 1121 437 1174 ti
495 1119 602 1171 huc
663 1134 793 1170 eum
853 1117 1048 1170 statim
1110 1134 1260 1170 anno
1317 1117 1574 1185 sequenti
1633 1117 1704 1168 ad
1763 1114 2015 1167 consola-

398 1208 608 1260 tionem
662 1214 716 1258 et
770 1204 1099 1273 praesidium
1153 1204 1404 1273 ipsorum
1458 1203 1749 1272 expediat:
1820 1219 2015 1271 quam-

400 1313 565 1364 quam
613 1302 697 1346 est
745 1311 843 1345 cur
890 1294 944 1345 id
999 1295 1271 1346 decernas
1323 1302 1421 1346 tua
1474 1294 1650 1362 ipsius
1697 1310 1905 1352 causa,-
1936 1289 2014 1341 ni-

401 1383 599 1434 mirum
656 1388 714 1433 ut
769 1380 849 1432 sic
902 1399 1172 1432 exoneres
1225 1381 1281 1432 in
1333 1389 1451 1432 tam
1507 1380 1773 1432 idoneum
1828 1387 1883 1431 et
1938 1378 2018 1429 in·

401 1468 673 1520 dustrium
730 1467 1072 1528 ministrum,
1128 1467 1372 1518 officium
1417 1485 1529 1534 quo
1576 1466 1789 1533 urgeris
1842 1465 2016 1533 gravi,

400 1553 765 1621 procurandae
837 1553 893 1603 in
963 1552 1051 1603 his
1125 1553 1262 1604 locis
1333 1554 1537 1605 divinae
1608 1553 1817 1620 gloriae.
1890 1553 2018 1602 Hoc

401 1640 545 1691 enim
616 1647 735 1690 tam
806 1638 956 1690 fideli
1029 1639 1437 1706 dispensatore,
1511 1648 1743 1707 tamque
1807 1638 2019 1707 experi-

401 1734 543 1787 ente,
616 1725 708 1776 isti
781 1726 1009 1792 negotio
1079 1725 1365 1793 praefecto,
1440 1744 1633 1777 secure
1704 1733 1867 1792 potes
1932 1742 2020 1775 ac-

402 1812 702 1879 quiescere,
776 1819 963 1864 certus
1026 1812 1211 1880 ipsum
1276 1830 1377 1880 pro
1437 1830 1504 1864 ea
1566 1812 1858 1864 excellenti
1916 1812 2020 1861 vir-

401 1905 535 1959 tute,
606 1917 716 1965 qua
777 1905 863 1950 tot
926 1898 1090 1950 annis
1153 1899 1392 1965 probata
1452 1898 1876 1950 venerationem
1939 1905 2021 1950 to-

402 1986 509 2036 tius
566 1984 657 2036 hic
714 1986 907 2053 populi
962 1986 1184 2046 meruit,
1241 1985 1451 2038 nullam
1505 1985 2018 2053 praetermissurum

402 2073 754 2124 occasionem
814 2073 1099 2141 religionis
1156 2074 1241 2124 vel
1300 2075 1526 2126 tuendae
1584 2073 1670 2125 vel
1728 2072 2020 2140 augendae.

474 2161 684 2210 Iterum
748 2161 920 2211 etiam
975 2170 1144 2228 atque
1197 2161 1368 2211 etiam
1425 2179 1560 2227 rogo
1613 2169 1783 2228 atque
1837 2160 2021 2210 obtes-

400 2251 486 2295 tor
561 2245 922 2312 majestatem
985 2254 1162 2307 tuam,
1227 2255 1287 2298 ut
1351 2246 1393 2297 si
1462 2247 1568 2298 Dei
1631 2246 1904 2313 obsequio
1965 2254 2021 2297 et

407 2331 672 2383 Ecclesiae
731 2333 1047 2384 rationibus
1106 2332 1428 2384 consultum
1486 2333 1589 2394 vis,
1650 2333 1694 2384 si
1752 2340 1837 2384 tot
1895 2349 2021 2399 pro-

403 2416 485 2465 bis
546 2425 600 2468 et
657 2418 903 2469 laudatis
956 2419 1283 2469 hominibus
1337 2420 1392 2468 in
1450 2420 1614 2469 India
1667 2417 2021 2483 degentibus,

404 2500 446 2551 si
492 2501 814 2555 christianis
860 2522 1057 2556 recens
1104 2505 1389 2556 conversis
1442 2506 1512 2555 ad
1561 2512 1814 2555 nostram
1864 2522 2021 2555 sanc-

403 2596 515 2640 tam
569 2592 758 2653 fidem,
830 2592 876 2643 si
931 2592 1068 2644 mihi
1124 2592 1367 2660 denique
1431 2593 1742 2660 quidquam
1797 2592 1853 2643 in
1917 2592 2024 2644 hac

404 2674 516 2726 vita
574 2677 879 2743 gratificari
941 2679 1086 2730 tanti
1150 2679 1327 2740 duciS,
1387 2679 1588 2746 jubeas
1649 2680 1720 2729 ad
1785 2697 1889 2729 nos
1943 2697 2023 2729 re-

405 2760 519 2813 dire
574 2764 909 2817 Michaelem
968 2766 1206 2817 Vazium
1254 2766 1709 2834 proepiscopum,
1764 2766 1859 2834 qui
1907 2784 2025 2818 mo-

407 2846 476 2897 do
544 2848 675 2902 hinc
746 2851 1005 2904 discedit.
1076 2854 1206 2903 Non
1272 2852 1394 2904 aliae
1462 2852 1599 2903 mihi
1666 2870 1852 2905 causae
1918 2851 2027 2904 hoc

406 2936 629 2998 petendi
696 2946 826 2991 sunt
889 2957 1060 3006 quam
1120 2938 1452 3006 obsequium
1513 2938 1785 3001 divinum,
1849 2939 2025 2990 incre-

408 3029 657 3073 mentum
739 3035 948 3076 nostrae
1034 3033 1246 3076 sanctae
1327 3025 1476 3087 fidei,
1562 3033 1616 3076 et
1692 3023 2027 3087 ⁴exoneratio

408 3107 763 3163 conscientiae
846 3111 1164 3179 majestatis
1246 3123 1377 3165 tuae.
1472 3112 1616 3163 Vere
1701 3130 1791 3163 me
1874 3110 2027 3180 loqui

2546 2335 2568 2349 *ei
2580 2334 2592 2348 ς,
