2815 3911
731 344 911 382 LIBER
948 347 1000 383 V.
1019 348 1392 386 -EPISTOLA
1429 348 1507 385 VI.
1813 346 1915 400 405

321 469 582 524 stolandi.
629 472 834 538 AddeS,
878 492 1055 545 neque
1097 477 1141 529 si
1182 486 1423 541 vacaret,
1467 485 1523 529 et
1566 476 1728 546 copia
1770 476 1915 528 ultro

321 557 547 610 daretur
596 558 912 624 audientiae,
959 563 1094 616 satis
1139 564 1278 617 scire
1322 572 1377 618 te
1423 572 1697 633 quantum
1751 565 1914 633 profi-

321 653 470 699 ceret
515 647 851 701 admonitio:
899 668 1029 701 nam
1075 650 1120 702 si
1161 651 1287 704 talis
1331 651 1401 706 sit
1444 650 1740 721 praefectus
1783 670 1917 721 qua-

320 733 429 786 lem
482 735 583 802 ipsi
638 746 965 790 accusantes
1017 748 1347 802 memorant,
1402 739 1607 792 frustra
1665 747 1918 808 speretur

321 820 489 885 hunc,
543 823 636 891 qui
682 841 783 876 nec
832 825 937 876 Dei
981 834 1253 895 respectu,
1302 845 1402 879 nec
1448 827 1611 879 officii
1657 845 1806 890 cura,
1856 835 1917 881 ut

322 906 426 975 ipsi
466 908 639 972 aiunt,
680 917 944 979 tangatur
983 912 1107 974 ulla,
1143 913 1223 964 tui
1260 922 1410 965 recta
1447 912 1794 981 suggerentis
1833 931 1916 966 ra-

320 992 534 1047 tionem
585 993 923 1048 habiturum.

394 1079 761 1133 Conversioni
796 1081 1086 1149 gentilium
1123 1084 1193 1137 ad
1230 1082 1439 1138 Christi
1477 1085 1799 1153 religionem
1836 1093 1919 1139 to-

321 1174 442 1221 tum
489 1175 729 1237 temPUS,
777 1171 925 1238 quod
971 1170 1071 1221 tibi
1123 1188 1155 1221 a
1205 1170 1544 1240 quotidianis
1593 1171 1923 1223 necessariis

322 1254 516 1309 officiis
543 1255 646 1310 erit
678 1255 968 1326 reliquum,
1009 1257 1289 1326 impende.
1331 1258 1473 1311 Vide
1508 1266 1696 1311 autem
1736 1259 1792 1311 in
1829 1260 1921 1311 de-

321 1342 468 1396 lectu
525 1331 977 1407 ministeriorum,
1037 1352 1096 1397 ut
1149 1363 1369 1413 semper
1419 1363 1484 1397 ea
1535 1347 1923 1413 praevertenda

321 1431 494 1486 ducas
533 1432 767 1497 caeteris,
809 1449 1045 1502 quorum
1085 1432 1378 1485 manifeste
1415 1433 1581 1484 latius
1620 1441 1779 1501 patet
1819 1433 1922 1486 uti-

321 1518 466 1570 litas,
511 1520 653 1570 Haec
690 1527 746 1571 te
786 1518 973 1587 regula
1011 1519 1250 1581 docebit,
1295 1536 1582 1586 nunquam
1625 1521 1922 1587 praeferen-

322 1605 453 1657 dam
514 1605 771 1658 concioni
831 1605 1065 1673 publicae
1124 1605 1468 1658 auditionem
1531 1605 1921 1670 confessioniS,

323 1711 608 1760 nunquam
652 1693 1132 1745 intermittendam
1175 1700 1322 1745 stata
1364 1701 1499 1760 quot
1545 1693 1741 1746 diebus
1784 1693 1924 1746 hora

324 1778 575 1831 scholam
632 1773 1050 1840 catecheticam,
1110 1786 1168 1830 ut
1225 1779 1466 1847 aliquem
1518 1798 1692 1830 unum
1748 1780 1926 1847 priva-

323 1865 425 1918 tim
477 1865 798 1928 adhortere,
852 1873 947 1918 aut
1000 1866 1164 1917 simili
1216 1883 1380 1917 vaces
1432 1866 1612 1917 officio
1662 1866 1926 1934 singulari

323 1970 576 2021 personae
640 1951 946 2020 profuturo,
1014 1953 1170 2004 Hora
1233 1970 1398 2019 porro
1465 1970 1588 2019 quae
1635 1942 1925 2020 ‘praecedit

324 2040 693 2093 constitutum
745 2048 968 2108 tempus
1018 2039 1241 2093 lectioni
1294 2038 1675 2104 catecheticae,
1723 2047 1802 2104 tu,
1842 2039 1929 2093 vel

323 2134 454 2177 tuus
493 2126 695 2188 sociu5,
725 2126 902 2178 forum
937 2126 1261 2194 plateasque
1301 2126 1550 2179 civitatis
1585 2127 1928 2194 percursabi-

322 2214 412 2277 tis,
453 2231 589 2267 voce
630 2231 834 2283 magna
873 2213 1160 2265 invitando
1200 2220 1433 2264 cunctos
1477 2212 1548 2264 ad
1586 2212 1925 2265 audiendam

325 2288 753 2367 explicationem
800 2317 970 2352 sacrae
1017 2300 1304 2352 doctrinae.

378 2386 620 2438 aeScribes
662 2385 965 2436 identidem
1013 2386 1080 2435 ad
1129 2384 1421 2451 collegium
1470 2386 1751 2445 Goanum,
1800 2403 1924 2451 quae

328 2472 637 2526 ministeria
688 2472 889 2525 divinae
940 2471 1127 2539 gloriae
1173 2472 1569 2539 promovendae
1616 2479 1766 2538 apta,
1814 2489 1925 2538 quo

327 2560 537 2620 ordine,
603 2577 714 2625 quo
777 2556 957 2607 fructu
1021 2556 1352 2616 animarum,
1420 2558 1542 2608 Deo
1584 2556 1923 2618 fortunante,

325 2650 453 2695 tuos
493 2643 795 2694 imbecilles
835 2650 1068 2692 conatus
1108 2659 1383 2691 exerceas.
1446 2642 1561 2690 Fac
1601 2648 1787 2691 autem
1837 2658 1925 2691 ac-

326 2737 533 2783 curatae
586 2728 919 2797 scriptiones
970 2728 1091 2779 istae
1144 2727 1271 2788 sint,
1326 2744 1464 2794 quas
1517 2725 1692 2778 nostri
1740 2726 1923 2777 Goen-

327 2835 415 2868 ses
460 2824 610 2867 recte
656 2815 877 2866 mittere
922 2814 977 2865 in
1025 2815 1311 2880 Europam
1358 2813 1592 2880 possint,
1641 2813 1926 2881 specimen

327 2902 436 2955 illic
494 2902 706 2955 futuras
747 2909 950 2953 nostrae
992 2900 1047 2951 in
1088 2898 1173 2950 his
1213 2899 1464 2967 partibus
1502 2899 1808 2960 industriae,
1849 2899 1923 2950 fa-

326 2990 585 3058 vorisque
646 2988 749 3038 Dei
806 2996 1002 3040 tenues
1055 2985 1300 3037 minimae
1357 2985 1657 3038 Societatis
1709 2986 1926 3038 labores

329 3092 587 3141 successu
650 3076 834 3141 aliquo
895 3072 1196 3138 dignantis.
1263 3071 1415 3120 Nihil
1468 3070 1523 3135 in
1576 3091 1670 3123 eas
1722 3070 1927 3140 irrepat
