2692 3907
807 376 913 430 240
977 378 1162 417 LIBER
1202 379 1562 419 111.—VITAE
1601 379 1984 419 CHRISTIANAE
2025 379 2331 421 FORMULA.

804 509 981 563 sionis
1032 519 1088 564 et
1142 511 1343 564 mortis
1395 531 1567 582 quam
1620 531 1723 581 pro
1776 531 1868 564 me
1920 510 1978 563 in
2032 510 2127 564 illa
2181 514 2433 586 pertulis-

804 597 867 660 ti,
929 597 1159 667 ignosce
1220 600 1472 668 peccatis
1530 600 1690 663 meiS,
1751 600 1898 653 sicut
1952 599 2220 668 ignovisti
2272 600 2433 658 latro·

805 686 861 738 ni
922 694 1113 740 tecum
1167 688 1462 750 crucifixo;
1518 689 1767 742 concede
1823 687 1962 741 mihi
2013 688 2315 743 victoriam
2367 694 2431 748 de

804 773 1050 827 inimicis
1111 774 1318 828 animae
1381 795 1550 837 meae;
1616 785 1671 829 et
1733 775 1895 829 trahe
1956 795 2057 844 per
2107 783 2268 829 tuam
2319 797 2432 846 gra-

804 861 944 912 tiam
1006 861 1268 914 homines
1330 862 1469 913 mihi
1531 863 1848 915 contrarios
1909 863 1981 914 ad
2035 881 2231 915 veram
2285 867 2431 934 agni-

803 948 1020 1001 tionem
1092 957 1207 1002 tuae
1281 949 1597 1003 divinitatis
1661 959 1717 1003 et
1781 950 2184 1018 poenitentiam
2249 952 2429 1022 culpa-

804 1055 928 1088 rum
983 1055 1232 1088 suarum.
1299 1038 1501 1089 Amen.

877 1124 1122 1190 Quando
1150 1123 1262 1176 alte
1315 1123 1601 1176 sublatum
1655 1124 1976 1177 ostenditur
2020 1124 2232 1196 populo
2278 1142 2447 1180 sanc·v

802 1210 1089 1261 tissimum
1142 1228 1349 1279 corpus
1403 1211 1656 1273 Domini,
1711 1211 1897 1263 dicat:

877 1298 1069 1350 Adoro
1110 1304 1185 1359 te,
1247 1298 1495 1350 Domine
1540 1298 1617 1349 mi
1669 1300 1806 1368 Jesu
1861 1298 2108 1361 Christe,
2162 1306 2218 1352 et
2270 1300 2428 1354 bene-

804 1384 933 1438 dico
1017 1385 1139 1448 tibi,
1229 1385 1362 1454 quia
1441 1403 1542 1454 per
1631 1393 1887 1439 sanctam
1972 1404 2199 1439 crucem
2275 1394 2426 1441 tuam

804 1471 1096 1524 redemisti
1150 1472 1447 1533 mundum,
1502 1479 1558 1524 et
1612 1492 1721 1524 me.
1788 1474 1989 1524 Amen.

878 1559 1123 1629 Quando
1183 1558 1400 1610 tollitur
1451 1577 1611 1611 sacer
1662 1558 1807 1610 calix
1857 1558 2256 1629 pretiosissimi
2309 1579 2427 1613 san-

803 1648 989 1716 guinis
1052 1648 1288 1702 Domini
1346 1648 1545 1711 nostri,
1601 1649 1781 1703 dicat:

876 1735 1067 1785 Adoro
1139 1743 1197 1785 te
1270 1733 1499 1801 sanguis
1572 1733 1956 1786 sacratissime
2022 1733 2257 1786 Domini
2323 1734 2425 1786 mei

803 1825 958 1893 Jesu,
1023 1823 1118 1891 qui
1181 1822 1337 1875 fuisti
1398 1822 1608 1874 effusus
1668 1822 1725 1874 in
1783 1839 1950 1875 cruce
2007 1823 2079 1874 ad
2133 1822 2426 1875 salvandos

804 1916 1152 1976 peccatores,
1216 1915 1272 1960 et
1332 1927 1440 1959 me.
1506 1908 1709 1959 Amen.

880 2000 957 2050 Et
1019 1998 1152 2066 quia
1213 2014 1327 2048 non
1388 2015 1491 2066 pro
1554 2015 1656 2048 sua
1719 1997 1910 2060 soliuS,
1975 1998 2075 2048 sed
2137 2014 2240 2067 pro
2300 1996 2424 2048 alio-

802 2101 927 2137 rum
990 2101 1216 2153 quoque
1278 2083 1459 2137 salute
1519 2100 1643 2137 esse
1705 2084 1990 2138 solicitum
2056 2083 2422 2138 christianum

803 2175 985 2236 decet,
1035 2172 1311 2224 suaserim
1372 2181 1434 2223 ut
1495 2191 1598 2241 pro
1664 2172 2034 2224 conversione
2098 2171 2423 2231 infidelium,

802 2261 950 2314 hanc
1030 2261 1348 2313 orationem
1429 2261 1668 2329 quisque
1744 2260 1943 2312 recitet
2020 2262 2125 2312 sub
2202 2268 2422 2327 tempus

804 2366 916 2415 quo
989 2348 1256 2399 sacerdos
1329 2364 1553 2399 sacrum
1628 2345 1842 2399 Christi
1916 2364 2122 2414 corpus
2186 2353 2243 2399 et
2307 2362 2423 2398 san-

802 2435 1031 2502 guinem
1085 2433 1343 2502 percipit,
1399 2433 1738 2486 sacrificium
1792 2451 2225 2486 consummans:

875 2523 1111 2574 AEterne
1175 2539 1363 2573 rerum
1429 2519 1685 2573 omnium
1756 2520 2004 2582 effector,
2074 2521 2250 2583 Deus,
2316 2535 2420 2571 me-

752 2617 999 2681 ‘mento
1078 2609 1180 2659 abs
1257 2616 1314 2659 te
1393 2607 1614 2658 animas
1694 2606 2005 2658 infidelium
2084 2612 2419 2673 procreatas,

803 2713 1012 2763 easque
1088 2694 1161 2745 ad
1238 2692 1545 2761 imaginem
1623 2699 1679 2744 et
1759 2690 2190 2744 similitudinem
2269 2697 2418 2743 tuam

801 2783 1080 2836 conditas.
1158 2783 1310 2835 Ecce
1385 2779 1633 2833 Domine
1705 2779 1762 2832 in
1833 2778 2199 2848 opprobrium
2265 2785 2418 2832 tuum

802 2869 891 2922 his
963 2868 1101 2938 ipsis
1173 2867 1425 2919 infernus
1498 2865 1782 2934 impletur.
1867 2867 2160 2918 Memento
2229 2865 2417 2935 Jesum

804 2957 1013 3009 Filium
1082 2964 1245 3009 tuum
1310 2973 1413 3022 pro
1477 2954 1700 3006 illorum
1765 2953 1947 3006 salute
2011 2951 2418 3006 atrocissimam

801 3045 1042 3098 subiisse
1084 3063 1310 3106 necem3
1359 3043 1492 3105 noli,
1541 3060 1752 3110 quaeSO,
1800 3040 2066 3105 Domine,
2116 3039 2262 3093 ultra
2304 3052 2416 3107 per-

804 3131 1049 3195 mittere,
1112 3138 1174 3184 ut
1237 3129 1416 3183 Filius
1476 3135 1609 3181 tuus
1669 3128 1740 3180 ab
1802 3127 2122 3181 infidelibus
2174 3132 2416 3180 contem-
