2692 3907
659 366 764 419 294
1037 363 1220 400 LIBER
1261 363 1336 400 IV.
1360 379 1432 385 --
1453 363 1747 400 EPISTOLA
1785 362 1912 399 VIII.

661 497 898 550 Fabrum
960 495 1275 547 nomin-atim
1338 494 1585 563 implorat
1652 493 1925 545 Societatis
1990 493 2125 561 Jesu
2176 511 2290 543 con-

662 585 803 636 tinue
852 603 1045 635 memor
1069 605 1084 634 :
1141 583 1348 633 tardum
1397 601 1455 633 ac
1504 582 1714 649 difficile
1776 581 2093 631 litterarium
2160 599 2292 631 com-

662 670 929 723 mercium.

740 830 940 882 Gratia
993 838 1047 881 et
1102 828 1349 881 charitas
1404 829 1638 880 Domini
1692 827 1869 879 nostri
1916 829 2052 895 Jesu
2102 820 2295 878 Chris-

665 916 708 971 ti
764 916 836 969 sit
889 915 1188 968 nobiscum
1243 915 1497 981 semper!
1567 915 1767 966 Amen.

674 1086 1004 1224 ΑΝΝΟ
1069 1096 1198 1157 post
1265 1087 1556 1141 Christum
1624 1095 1821 1141 natum
1891 1087 2297 1140 MDXLVIII.

860 1174 1058 1243 scripsi
1118 1175 1188 1226 ad
1247 1194 1348 1227 vos
1414 1173 1666 1243 pluribus
1730 1174 1916 1226 verbis
1974 1175 2044 1225 de
2103 1173 2301 1226 insulis

675 1263 933 1324 MoluciS‚
979 1280 1104 1330 quae
1148 1264 1354 1314 absunt
1383 1280 1415 1314 a
1451 1263 1706 1314 Malacca
1751 1262 1941 1313 leucas
1988 1261 2299 1329 sexaginta.

676 1349 742 1400 In
771 1347 953 1399 insula
993 1348 1295 1408 Amboino,
1339 1348 1433 1398 ubi
1474 1367 1569 1398 rex
1611 1347 1923 1398 Lusitaniae
1972 1347 2297 1415 praesidium

671 1431 860 1495 habet,
907 1432 1229 1501 frequentes
1275 1433 1536 1485 habitant
1583 1434 1861 1496 Lusitani,
1907 1434 2002 1501 qui
2046 1432 2304 1484 Molucas

673 1519 886 1571 insulas
926 1519 1185 1572 obtinent
1230 1519 1485 1572 omnium
1532 1526 1852 1572 aromatum
1902 1516 2300 1571 feracissimas,

676 1604 900 1672 Quippe
954 1604 1162 1666 clavus,
1217 1624 1384 1673 quem
1440 1605 1848 1675 cariophyllum
1902 1604 2069 1672 vulgo
2116 1601 2304 1672 appel-

674 1690 875 1752 lamUS‚
925 1709 1205 1759 nusquam
1253 1692 1383 1762 alibi
1430 1692 1694 1760 gignitur.

753 1780 818 1829 In
872 1779 1173 1842 AmboinO,
1239 1780 1331 1831 ubi
1395 1787 1524 1832 sunt
1585 1789 1803 1848 septem
1863 1778 2301 1832 christianorum

677 1865 826 1933 pagi,
866 1873 981 1918 tres
1020 1883 1244 1919 menses
1283 1885 1406 1919 sum
1446 1875 1859 1929 commoratus;
1891 1884 2013 1938 ⁴quo
2050 1872 2308 1935 tempore

678 1952 997 2022 complures
1037 1953 1319 2023 baptizavi
1361 1973 1584 2024 pueros,
1627 1973 1866 2023 quorum
1912 1954 2063 2007 salus
2100 1969 2309 2020 magno

680 2039 737 2091 in
790 2041 1040 2108 periculo
1103 2042 1452 2107 versabatur,
1513 2043 1645 2112 quia
1705 2042 1856 2095 nulla
1916 2048 2065 2094 esset
2128 2058 2309 2093 sacer-

682 2128 833 2180 dotis
880 2129 1075 2197 copia:
1119 2148 1251 2182 narn
1300 2132 1582 2194 sacerdOS,
1632 2131 1791 2199 cujus
1838 2129 1969 2182 fidei
2020 2125 2311 2182 commissi

684 2223 861 2279 erant,
905 2216 1084 2269 multo
1125 2225 1257 2270 ante
1298 2236 1327 2270 e
1363 2219 1479 2270 vita
1519 2219 1875 2271 discesserat.
1991 2227 1995 2229 “

759 2304 1144 2360 Commodum
1193 2324 1368 2374 pagos
1416 2324 1614 2358 omnes
1658 2305 1928 2367 obieram,
1972 2313 2026 2356 et
2067 2302 2312 2356 infantes

686 2389 974 2457 baptismo
1038 2391 1428 2454 lustraveram,
1492 2410 1619 2444 cum
1687 2399 1904 2460 septem
1974 2408 2145 2441 naves
2203 2388 2313 2440 huc

687 2478 971 2545 appulere,
1015 2497 1252 2547 quarum
1295 2480 1508 2549 aliquot
1550 2487 1710 2532 erant
1754 2480 2162 2548 Hispanorum.
2205 2477 2314 2529 Hae

688 2565 957 2632 profectae
1012 2584 1078 2619 ex
1133 2569 1296 2620 Nova
1366 2567 1664 2636 Hispania,
1731 2585 1857 2635 quae
1928 2562 2317 2619 Occidentalis

693 2652 859 2703 India
903 2653 1070 2722 vulgo
1118 2655 1341 2719 dicitur,
1398 2655 1586 2708 Caroli
1644 2654 1888 2708 Caesaris
1942 2653 2118 2705 missu
2166 2668 2316 2720 quae-

691 2741 889 2794 rebant
937 2761 1114 2796 novas
1159 2752 1437 2797 terrarum
1485 2763 1631 2797 oras.
1690 2745 1998 2796 Haeserunt
2052 2740 2318 2794 Amboini

692 2847 916 2881 menses
963 2830 1186 2884 circiter
1229 2840 1362 2897 treS‚
1412 2832 1664 2901 mihique
1713 2831 2025 2885 attulerunt
2078 2847 2317 2898 occupa-

689 2916 909 2967 tionum
971 2919 1127 2970 satis.
1190 2921 1338 2971 Nam
1403 2919 1721 2971 Dominicis
1776 2936 1842 2971 ac
1902 2917 2060 2970 festis
2121 2916 2320 2968 diebus

692 3003 996 3057 conciones
1048 3004 1325 3062 habendae
1381 3016 1573 3070 erant3
1624 3006 2010 3060 confessiones
2063 3004 2319 3074 plurimae

693 3092 989 3152 audiendae
1031 3095 1302 3169 quotidie,
1346 3095 1646 3156 discordiae
1688 3095 1975 3156 sedandae,
2019 3092 2150 3160 aegri
2191 3090 2319 3143 visi·
2397 3092 2400 3093 ⁷
