2815 3911
735 361 919 398 LIBER
961 361 1048 398 ΙΙΙ.
1071 377 1143 382 -
1164 361 1459 399 EPISTOLA
1500 361 1576 399 IV.
1872 361 1973 399 201

812 597 1295 657 EPISTOLA
1385 597 1510 656 JV.

790 823 1141 884 Societati
1191 824 1530 884 Romam.

417 1057 500 1105 De
559 1071 815 1121 germana
878 1052 1149 1111 amicitia;
1220 1053 1278 1102 de
1342 1052 1543 1103 ratione
1597 1051 1732 1118 fidei
1787 1057 1978 1121 propa-

345 1141 560 1211 gandae‚
634 1144 681 1193 et
751 1139 1019 1192 Memmiae
1095 1138 1410 1207 martyribus
1433 1179 1444 1201 ‚
1518 1155 1576 1189 ac
1641 1138 1700 1189 de
1766 1137 1980 1190 Ceilani

348 1234 502 1282 morte
566 1227 824 1297 principis
896 1226 1154 1279 mimndce
1224 1225 1374 1295 signo
1447 1226 1613 1277 crucis
1676 1226 1976 1277 nobilitata.

348 1319 428 1366 De
477 1314 824 1384 sacerdotibus
876 1313 933 1364 in
985 1312 1355 1365 Macazariam
1409 1312 1596 1375 missz'S,
1641 1331 1700 1365 ac
1746 1313 1806 1365 de
1852 1312 1978 1366 aliis

349 1403 452 1454 alio
505 1402 786 1454 mittendis,

422 1560 618 1612 Gratia
681 1568 736 1612 et
799 1580 960 1612 amor
1024 1560 1256 1612 Domini
1321 1560 1500 1612 nostri
1569 1561 1697 1626 Iesu
1762 1559 1978 1612 Christi

350 1648 493 1699 adsit
547 1647 712 1698 nobis
764 1667 990 1715 semper
1041 1648 1248 1700 auxilio
1302 1656 1356 1700 et
1410 1646 1626 1700 favore!
1684 1648 1885 1699 Amen.

364 1803 651 1940 DEUs
723 1806 861 1859 mihi
928 1806 1190 1860 conscius
1255 1815 1358 1870 est,
1427 1815 1642 1876 quanto
1706 1805 1976 1859 libentius

544 1912 645 1946 vos
705 1894 977 1958 viderem,
1041 1913 1212 1963 quam
1275 1894 1423 1947 hanc
1480 1895 1649 1947 -vobis
1713 1902 1833 1947 tam
1899 1894 1979 1946 in·

350 1990 578 2046 certam,
654 1991 887 2052 propter
950 1983 1203 2036 locorum
1280 1982 1591 2046 intervalla,
1674 1982 1975 2051 epistolam

268 2091 271 2093 ·
350 2071 667 2125 scriberem.
747 2074 868 2125 Nec
939 2090 1091 2136 verO,
1169 2071 1301 2141 quia
1372 2070 1974 2141 conjunctissimorum

350 2160 664 2212 animorum
732 2179 970 2229 corpora
1037 2162 1194 2212 Deus
1258 2180 1421 2229 paene
1487 2161 1711 2212 infinito
1778 2161 1979 2212 distra-

351 2244 425 2296 xit
500 2247 704 2316 spatiO,
780 2265 1081 2315 corporum
1156 2247 1464 2315 disjunctio
1530 2248 1834 2315 quicquam
1907 2248 1977 2298 de

350 2335 555 2385 amoris
630 2336 812 2387 mutui
885 2336 1125 2385 vinculis
1198 2335 1367 2396 laxat,
1446 2335 1650 2402 quibus
1716 2334 1980 2384 adstricti

351 2434 560 2471 sumus.
626 2422 777 2472 Nam
840 2420 944 2472 etsi
1000 2438 1114 2472 non
1172 2438 1283 2473 una
1336 2438 1644 2482 versemur,
1699 2421 1782 2473 uti
1836 2421 1977 2472 sole-

351 2505 565 2570 bamUS‚
652 2517 848 2560 tamen
925 2516 1200 2577 perpetuo
1279 2508 1393 2559 fere
1470 2526 1573 2559 nos
1651 2507 1798 2559 inter
1874 2525 1978 2558 nos

352 2594 553 2646 mentis
614 2595 791 2647 oculis
852 2595 1155 2648 cernimus
1220 2596 1410 2648 Tanta
1471 2595 1623 2647 enim
1683 2602 1768 2647 est
1826 2612 1979 2646 verae

348 2695 742 2750 germanaeque
816 2683 1083 2734 amieitiae
1158 2683 1260 2744 vis,
1340 2691 1398 2734 ut
1474 2682 1642 2733 amici
1708 2683 1979 2733 absentes

349 2764 552 2830 adsint,
617 2775 930 2837 mutuoque
993 2778 1227 2837 aspectu
1282 2777 1336 2822 et
1392 2769 1803 2821 consuetudine
1870 2768 1978 2820 fru-

349 2858 528 2902 antur.
595 2856 739 2906 Haee
793 2875 920 2905 mea
973 2856 1256 2906 sociorum
1311 2855 1568 2905 omnium
1622 2863 1739 2906 tam
1801 2856 1979 2906 conti-

350 2953 457 2993 nua
497 2943 772 2998 memoria
812 2944 973 2998 vobis
1014 2944 1205 3013 potius
1252 2952 1487 3014 accepta
1534 2952 1619 2996 est
1666 2942 1977 3005 referenda,

350 3042 515 3090 quam
590 3029 726 3081 mihi
744 3051 755 3092 ;
837 3030 1118 3098 siquidem
1196 3038 1399 3084 vestrae
1478 3048 1674 3098 pleces
1750 3046 1816 3082 ac
1895 3034 1979 3082 Sa'-

351 3112 572 3180 crificia,
637 3136 763 3187 quae
826 3137 928 3188 pro
992 3137 1082 3170 me
1146 3118 1377 3191 homine
1440 3136 1684 3187 nequam
1751 3114 1979 3169 assidue
