2645 3907
605 385 676 440 94
1034 385 1217 425 LIBER
1258 387 1729 426 11.—EP1sToLA
1767 387 1821 426 v.

606 517 861 571 scientiae
935 517 1117 572 fructu
1185 519 1566 583 elaborarent;
1648 528 1703 573 et
1769 538 1941 589 quam
2006 519 2236 589 diligen-

606 604 746 655 tiam
838 605 1111 658 adhibent
1199 607 1257 657 in
1346 607 1758 676 cognoscendis
1845 607 1914 658 iis
2003 606 2236 671 artibuS,

607 691 814 760 quibus
866 693 1116 756 student,
1169 710 1295 746 eam
1343 693 1400 745 in
1447 693 1721 746 docendis
1767 692 2063 761 imperitiS,
2111 710 2238 762 quae

604 784 736 831 sunt
797 778 869 831 ad
923 778 1164 833 salutem
1218 779 1554 843 necessaria,
1609 778 1963 842 adhiberent,
2018 796 2106 833 nae
2160 777 2238 833 illi

603 863 756 918 haud
810 865 979 934 paulo
1031 865 1345 935 paratiores
1396 874 1586 920 essent
1633 867 1705 920 ad
1752 866 2104 920 reddendam
2152 885 2235 919 ra-

603 953 823 1006 tionem
887 954 1139 1006 Domino
1201 954 1440 1007 dicenti:
1505 955 1681 1006 Redde
1742 954 1993 1007 rationem
2053 954 2234 1006 vilica-

604 1041 761 1094 tionis
814 1048 930 1094 tuae.
988 1042 1137 1095 Male
1190 1050 1402 1106 metuO,
1452 1061 1521 1095 ne
1569 1042 1665 1111 qui
1711 1041 1929 1095 tamdiu
1978 1041 2035 1094 in
2080 1059 2235 1111 gym-

605 1128 779 1181 nasiis
843 1130 913 1181 ad
980 1130 1258 1182 bonarum
1332 1130 1539 1183 artium
1615 1129 1803 1182 studia
1878 1129 2233 1193 incumbunt,

601 1216 793 1269 inania
844 1216 1125 1271 honorum
1184 1236 1250 1270 ac
1303 1218 1751 1270 sacerdotiorum
1809 1216 2054 1286 insignia
2117 1234 2233 1270 ma-

599 1304 686 1371 gis
738 1312 1016 1372 spectent,
1077 1322 1248 1373 quam
1314 1305 1437 1373 ipsa
1503 1322 1738 1356 munera
1800 1311 1971 1373 atque
2037 1321 2228 1368 onera,

601 1407 727 1459 quae
786 1390 893 1442 illis
954 1398 1228 1444 ornantur
1278 1390 1612 1459 insignibus,
1668 1390 1851 1443 Video
1903 1389 2055 1443 enim
2108 1408 2228 1444 rem

602 1493 670 1529 eo
716 1476 836 1544 jam
889 1475 998 1530 loci
1050 1476 1289 1540 venisse,
1344 1484 1405 1530 ut
1453 1476 1548 1545 qui
1596 1475 1972 1533 maximarum
2019 1476 2232 1531 artium

602 1563 805 1616 studiis
866 1564 1004 1616 dant
1066 1583 1297 1633 operam
1363 1563 1706 1633 diligentius,
1772 1563 1943 1633 vulgo
2006 1564 2231 1633 profite-

601 1658 785 1713 antur,
840 1669 899 1703 se
953 1652 1226 1704 doctrinae
1274 1651 1439 1704 laude
1486 1650 1931 1704 ecclesiasticam
1979 1650 2229 1720 aliquam

600 1738 870 1807 aucupari
923 1739 1280 1807 dignitatem,
1330 1757 1442 1807 quo
1489 1738 1702 1791 scilicet
1749 1737 1982 1791 Christo
2031 1738 2229 1791 Domi-

600 1842 674 1877 no
727 1833 782 1877 et
838 1825 1113 1878 Ecclesiae
1168 1844 1400 1893 operam
1447 1832 1655 1877 navent
1702 1842 1882 1876 suam.
1939 1825 2052 1877 Sed
2104 1843 2229 1894 pro-

599 1911 748 1964 fecto
795 1914 984 1964 miseri
1032 1914 1325 1974 falluntur3
1382 1914 1591 1981 quippe
1638 1913 1733 1980 qui
1781 1913 1970 1964 studia
2017 1912 2110 1963 illa
2158 1914 2229 1964 ad
2590 1895 2641 1946 in

599 1999 879 2068 privatam
924 2000 1105 2068 magis
1147 1999 1415 2062 referunt,
1464 2015 1635 2067 quam
1679 1999 1751 2050 ad
1794 1998 2080 2066 publicam
2124 1998 2228 2050 uti·
2591 1998 2645 2072 m·

599 2085 838 2138 litatem.
890 2086 966 2138 Et
1013 2085 1284 2152 quoniam
1330 2090 1612 2146 verentur,
1661 2101 1731 2136 ne
1777 2084 1933 2136 Deus
1975 2083 2228 2151 ipsorum
2593 2083 2645 2118 a<

599 2170 899 2237 cupiditati
970 2188 1084 2221 non
1154 2170 1519 2237 obsequatur,
1594 2168 1792 2221 nolunt
1861 2176 2044 2221 totam
2109 2187 2227 2221 rem
2596 2150 2641 2202 01

597 2254 804 2308 divinae
857 2255 1187 2322 permittere
1239 2254 1537 2307 voluntati.
2596 2233 2645 2287 13

672 2342 879 2394 Testor
944 2343 1150 2404 Deum,
1216 2341 1632 2409 propemodum
1698 2358 1788 2391 me
1853 2340 2227 2393 deliberatum

598 2429 881 2491 habuisse,
924 2429 1194 2496 quoniam
1246 2428 1384 2478 mihi
1435 2428 1541 2495 ipsi
1592 2428 1650 2477 in
1702 2429 1996 2495 Europam
2046 2428 2227 2479 redire
2602 2425 2645 2474 <1¹

600 2533 713 2566 non
753 2515 977 2576 licebat,
1019 2515 1091 2566 ad
1135 2514 1513 2565 Parisiensem
1554 2513 1928 2576 academiam,
1970 2514 2226 2565 nomina·
2605 2499 2645 2544 tl

597 2602 815 2670 timque
862 2602 933 2654 ad
989 2602 1270 2654 Doctores
1322 2609 1548 2654 nostros
1595 2601 1881 2654 Corneum
1931 2608 1987 2654 et
2038 2600 2223 2653 Picar-
2607 2595 2645 2674 C}

597 2691 732 2742 dum
769 2689 987 2742 litteras
1016 2690 1168 2752 dare,
1198 2689 1402 2757 quibus
1431 2689 1792 2741 ostenderem
1833 2705 2004 2756 quam
2047 2687 2226 2741 multa
2609 2682 2645 2715 5¹

596 2776 965 2829 barbarorum
1020 2775 1194 2828 millia
1245 2776 1318 2829 ad
1372 2774 1586 2829 Christi
1640 2774 1854 2829 cultum
1918 2774 2071 2829 nullo
2132 2792 2225 2829 ne·
2610 2749 2645 2803 Ῑε

597 2863 754 2932 gotio
806 2863 1012 2916 adduci
1066 2871 1319 2932 possent,
1379 2863 1424 2915 si
1485 2862 1650 2931 copia
1703 2869 1854 2915 esset
1907 2862 2224 2925 hominum,
2612 2836 2645 2888 h*

598 2949 693 3020 qui
747 2967 861 3003 non
914 2968 1016 3003 sua
1068 2956 1403 3019 quaererent,
1458 2950 1557 3002 sed
1611 2967 1737 3019 quae
1789 2951 1926 3020 Jesu
1990 2948 2224 3003 Christi.
2615 2939 2641 2974 e

602 3039 773 3107 ErgO,
838 3037 1038 3091 fratres
1106 3037 1244 3090 mihi
1311 3036 1657 3090 charissimi:
1732 3043 1871 3090 orate
1931 3037 2226 3091 Dominum
2616 3027 2645 3062 S*

2622 3115 2645 3149 ι]

599 3126 788 3188 messz'S,
845 3132 899 3176 ut
950 3126 1125 3177 mittat
1175 3126 1433 3194 operarios
1485 3126 1542 3176 in
1594 3143 1801 3178 messem
1850 3144 2017 3178 suam.
