2645 3907
58 1792 71 1904 mmmm
62 1766 67 1777 *

42 1941 54 2109 razna-amm

54 1905 69 2235 .ssmamu*w.maemm

31 2319 40 2348 με»

6 2283 9 2312 ”“’
6 2063 9 2089 ““
7 2029 8 2032 ⁴
1 1801 23 1982 ·'.‚''5*J„·-.⁶*-03;'
3 1762 12 1775 ³*

24 2216 40 2316 ,ιω-νυ·-
25 2194 29 2201 ’
25 2108 40 2178 ''sa-5,
34 2074 40 2080 .
38 2044 40 2046 .
21 1994 31 2010 ¹*
34 1975 37 1978 -
23 1948 34 1955 ⁴<
26 1900 29 1912 ”“
27 1846 29 1848 ’
23 1779 26 1781 ’
21 1753 24 1756 ’

31 2115 52 2333 :mma-r
46 1856 55 1905 ..usu
47 1744 56 1778 ,ἡ

18 2765 38 2804 al:
20 2716 36 2748 *h
18 2610 37 2689 >5322
20 2539 37 2590 ..331
16 2482 39 2528 az:
19 2347 39 2469 ..js-vivan>-

45 2724 49 2740 ...
42 2618 55 2691 ›paga-y„
31 2326 56 2605 &mx-nmmu-

694 344 796 381 100
1111 344 1297 382 LIBER
1338 345 1399 381 11.
1422 360 1495 367 -·
1516 344 1810 382 EPISTOLA
1848 343 1902 381 V.

691 474 920 528 Latina.
978 475 1258 544 Exposuit
1297 475 1448 529 idem
1487 475 1626 528 mihi
1670 494 1799 528 cum
1844 474 2107 545 apposita
2149 476 2313 545 expli-

687 562 911 615 catione
977 563 1169 615 divina
1230 563 1323 616 illa
1383 571 1671 633 praecepta
1722 563 2028 633 sigillatim,
2083 581 2210 633 quae
2263 575 2312 621 et

687 648 937 718 longum,
1006 668 1111 703 nec
1177 668 1365 719 operae
1430 649 1678 719 pretium
1740 656 1889 703 esset
1952 649 2311 719 perscribere.
2563 627 2645 667 ⁶⁰1

688 735 987 805 Sapientes
1042 736 1212 800 diem,
1269 757 1438 806 quem
1493 756 1597 790 nos
1652 736 2021 791 Dominicum
2074 737 2311 806 appella·
2563 704 2645 765 ba]

686 842 830 887 muS,
887 824 1093 877 festum
1147 825 1383 894 agitant.
1446 828 1574 894 Quo
1627 826 1717 877 die
1770 825 1917 877 hanc
1969 844 2140 877 unam
2194 844 2310 894 pre-
2567 785 2645 841 Ch]

685 912 971 965 cationem
1026 914 1339 966 identidem
1394 931 1495 965 sua
1546 913 1737 982 lingua
1789 920 2091 982 usurpant:
2158 914 2310 967 Veue-
2570 888 2645 926 ne]

682 1016 771 1050 ror
816 1005 877 1062 te,
924 1001 1088 1062 Deu3‚
1143 1006 1381 1069 tuamque
1434 1005 1574 1069 opem
1625 1000 1684 1052 iu
1725 1005 2025 1069 perpetuum
2077 999 2308 1069 imploro.
2571 977 2645 1056 iss*

683 1085 852 1138 Hanc
906 1085 1295 1154 precationem
1343 1085 1713 1155 jurisjurandi
1757 1085 2025 1154 religione
2077 1085 2307 1140 adstric-
2574 1063 2645 1185 {Tr

676 1172 738 1234 ti,
794 1174 1078 1226 submissa
1132 1175 1444 1226 admodum
1496 1192 1634 1226 voce
1689 1173 1898 1226 iterant
1962 1173 2188 1242 saepius.
2262 1177 2306 1227 I-
2579 1171 2645 1271 ὦ

677 1260 808 1311 dem
877 1262 1114 1328 adjecit:
1195 1264 1437 1315 Uxorum
1492 1261 1887 1312 multitudinem
1937 1261 2062 1330 ipsis
2113 1268 2309 1313 uaturae
2582 1306 2645 1357 da

676 1347 783 1418 lege
841 1349 1082 1419 permitti
1092 1369 1111 1411 ;
1180 1355 1329 1420 atque
1398 1350 1456 1400 iu
1505 1349 1612 1401 suis
1666 1348 1964 1400 litterarum
2016 1365 2306 1400 mouumen-

676 1437 746 1491 tis
786 1454 902 1499 esse,
954 1443 1145 1506 tempus
1191 1438 1476 1507 aliquando
1509 1438 1645 1506 fore,
1693 1454 1811 1489 cum
1858 1437 2096 1489 mortales
2149 1454 2308 1490 uuam
2584 1478 2645 1527 ha

674 1541 843 1576 omues
908 1523 1212 1592 religionem
1273 1523 1712 1593 amplecterentur.
1787 1521 2101 1576 Postulavit
2156 1522 2305 1576 deni·
2588 1582 2644 1615 ru

674 1630 800 1680 que,
857 1619 917 1663 ut
971 1630 1075 1679 ego
1131 1610 1382 1663 vicissim
1436 1609 1723 1679 praecipua
1771 1608 2097 1662 christianae
2145 1609 2307 1662 disci·
2588 1650 2645 1702 hg

674 1698 842 1768 plinae
897 1699 1169 1769 mysteria
1221 1699 1577 1751 enuntiarem
1631 1698 1755 1761 sibi,
1813 1697 2086 1767 pollicens
2137 1716 2205 1750 ea
2250 1717 2306 1750 se

675 1785 899 1840 silentio
965 1804 1089 1840 esse
1154 1794 1459 1840 tecturum.
1530 1786 1679 1838 Tum
1745 1803 1849 1854 ego
1916 1786 2152 1839 verbum
2220 1804 2305 1839 me

674 1872 953 1926 facturum
1009 1873 1227 1942 negavi,
1282 1873 1390 1926 nisi
1443 1880 1575 1925 ante
1621 1871 2005 1940 promitteret,
2054 1891 2131 1936 se,
2183 1890 2305 1941 quae

669 1961 739 2012 de
793 1960 1103 2012 christiana
1156 1961 1425 2028 religione
1479 1959 1765 2020 dixissem,
1816 1959 2202 2012 indicaturum
2252 1960 2304 2011 in

666 2048 883 2115 vulgus.
965 2050 1167 2116 Itaque
1229 2066 1359 2098 cum
1421 2047 1781 2114 vulgaturum
1843 2046 2150 2113 recepisset
2206 2066 2305 2114 ego

676 2133 979 2201 diligenter
1023 2134 1317 2201 explanavi
1364 2133 1516 2184 illam
1566 2132 1780 2184 Christi
1825 2149 2044 2194 vocem,
2091 2132 2149 2183 in
2198 2150 2305 2200 qua

678 2236 903 2272 summa
955 2226 1165 2273 nostrae
1219 2218 1505 2288 religionis
1558 2217 1844 2271 consistit:
1916 2218 2025 2288 Qui
2083 2218 2304 2271 credide-

674 2306 764 2367 rit,
818 2312 865 2357 et
922 2307 1210 2375 baptizatus
1250 2306 1438 2374 fuerit,
1489 2306 1664 2358 salvus
1709 2305 1825 2357 erit.
1883 2307 2014 2358 Hoc
2059 2305 2149 2357 ille
2195 2305 2303 2357 dic-

676 2401 799 2444 tum
850 2412 962 2444 una
1018 2412 1147 2444 cum
1202 2391 1592 2460 explicatione,
1648 2410 1774 2459 quae
1827 2398 2015 2444 totum
2066 2390 2304 2460 Symbo-

670 2495 767 2531 um
824 2478 1235 2546 Apostolorum
1285 2477 1751 2546 amplectebatur,
1810 2477 2001 2530 retulit
2047 2477 2105 2529 in
2152 2495 2303 2530 com-

673 2566 1001 2618 mentarios,
1069 2565 1340 2635 Decalogi
1398 2565 1572 2618 etiam
1633 2572 1919 2634 praecepta
1970 2571 2204 2634 propter
2254 2582 2302 2615 e-

671 2670 783 2714 am,
840 2671 1012 2720 quam
1060 2653 1270 2705 habent
1320 2670 1450 2704 cum
1506 2651 1777 2720 Symbolo
1823 2652 2301 2719 conjunctionem,

671 2739 899 2806 adjecit.
967 2738 1231 2790 Narravit
1286 2738 1436 2799 inde,
1503 2737 1819 2789 somniasse
1873 2738 2121 2805 quadam
2174 2754 2300 2788 noc-

671 2833 746 2888 te,
812 2842 871 2877 se
935 2842 1142 2893 magna
1205 2841 1338 2877 cum
1405 2825 1698 2891 voluptate
1765 2822 1978 2876 factum
2050 2822 2300 2875 christia-

680 2932 836 2974 num,
901 2910 1153 2979 mihique
1197 2909 1416 2964 socium
1453 2916 1625 2977 atque
1662 2908 1932 2963 comitem
1969 2908 2299 2963 accessisse:

678 2998 915 3068 proinde
968 2996 1186 3066 rogavit
1240 3017 1349 3059 me,
1404 2995 1486 3049 uti
1540 2995 1683 3048 clam
1738 3015 1797 3047 se
1844 2994 2168 3048 christianis
2221 3012 2299 3046 sa-

680 3088 787 3141 cris
817 3088 1118 3141 initiarem.
1174 3087 1286 3138 Sed
1325 3085 1594 3154 quoniam
1633 3083 1990 3137 conditiones
2027 3083 2297 3153 quasdam
