2692 3907
615 381 717 423 212
1026 378 1209 423 LIBER
1250 379 1336 423 111.
1359 403 1431 408 —-
1453 379 1746 424 EPISTOLA
1785 378 1839 422 V.

619 517 1069 579 lustrationibUS‚
1149 536 1430 587 nusquam
1495 518 1707 570 omissa
1760 517 1935 570 divini
1987 517 2141 569 verbi
2195 528 2248 573 et

622 615 1111 658 sacramentorum
1202 606 1735 668 administratione,
1832 613 1999 673 prout
2090 625 2250 674 egere

627 694 969 747 christianos
1036 695 1244 764 ubique
1311 694 1689 764 perspexeris3
1757 712 1861 746 nec
1918 694 2094 745 laicos
2150 694 2250 747 tibi

619 782 962 834 commendo
1016 782 1184 844 solos,
1239 799 1435 834 verum
1490 782 1816 834 sacerdotes
1868 789 1965 833 aut
2020 781 2251 835 clericos

620 870 715 939 qtu
779 889 844 922 ex
906 878 1075 939 gente
1141 870 1495 922 hdalabarurn
1559 869 1804 921 ordinati
1859 877 2008 932 sunt,
2063 877 2119 921 et
2172 869 2249 938 ip-

620 979 713 1013 sos
779 960 1007 1029 explora
1072 960 1159 1013 vel
1224 960 1522 1029 imprimis,
1590 961 1737 1013 serio
1798 961 2133 1023 admonenS,
2197 970 2249 1015 et

621 1047 826 1115 quibus
890 1066 978 1099 res
1040 1046 1224 1114 poscit
1288 1047 1474 1100 modis
1535 1064 1864 1114 procuranS‚
1929 1054 1989 1099 ut
2043 1046 2134 1113 pie
2186 1066 2250 1100 ac

621 1144 776 1188 caste
843 1135 1055 1198 vivant,
1111 1136 1226 1187 suis
1279 1137 1350 1186 ad
1417 1135 1523 1186 Dei
1593 1135 1928 1204 obsequium
1998 1133 2248 1186 ministe—

619 1220 718 1273 riis
794 1220 1112 1287 fungendis,
1192 1221 1424 1274 salutari
1504 1221 1729 1274 virtutis
1791 1228 1846 1274 et
1908 1221 2248 1291 innocentiae

616 1308 875 1377 exenqflo
928 1308 1076 1377 {flebi
1130 1308 1521 1376 proponendo.

697 1396 1021 1447 Omiseram
1085 1396 1233 1446 circa
1294 1398 1578 1464 Joannem
1633 1397 1702 1446 de
1758 1396 1973 1446 Lizana
2023 1404 2080 1447 te
2134 1414 2248 1446 mo-

626 1499 776 1543 nere,
832 1487 892 1532 ut
946 1480 1002 1531 in
1056 1480 1365 1547 repetenda
1419 1481 1488 1532 de
1542 1498 1653 1547 qua
1705 1480 1819 1532 dixi
1874 1496 1939 1533 ex
1992 1499 2059 1533 eo
2112 1499 2145 1533 a
2195 1489 2251 1534 te

623 1566 730 1636 ipsi
792 1566 989 1618 relicta
1050 1566 1309 1634 pecunia,
1377 1566 1628 1618 deducas
1681 1567 1751 1618 de
1803 1585 2028 1618 summa
2066 1568 2250 1637 fanoes

624 1661 873 1715 centum,
937 1671 1080 1721 quos
1141 1652 1230 1705 ille
1293 1652 1433 1704 mihi
1495 1653 1651 1706 dedit
1716 1660 1945 1706 mutuos
2007 1671 2136 1706 cum
2190 1661 2250 1707 tu

624 1759 778 1792 esses
842 1741 1127 1803 Punicale,
1191 1740 1482 1808 impensos
1535 1759 1568 1791 a
1622 1759 1712 1791 me
1766 1740 1822 1791 in
1877 1759 2072 1792 curam
2127 1740 2250 1792 soli-

623 1835 742 1880 tam
818 1826 1184 1879 ecclesiarum
1250 1834 1306 1878 et
1372 1826 1852 1879 catecheticarum
1922 1827 2249 1880 lectionum.

619 1917 807 1981 Quare
869 1912 1021 1964 istud
1083 1933 1293 1964 nomen
1346 1934 1413 1964 ex
1466 1912 1706 1979 pecunia
1758 1912 2033 1979 impensis
2086 1911 2246 1965 scho-

617 2002 798 2053 larum
877 2001 1167 2069 assignata
1244 2001 1507 2069 dispungi
1583 2001 1820 2069 poterit3
1900 2002 1970 2050 de
2043 2009 2249 2051 caetero

619 2104 817 2140 cavere
890 2094 947 2140 te
1020 2086 1107 2139 vel
1172 2086 1499 2153 scrupulose
1558 2087 1750 2154 jube0‚
1818 2104 1888 2140 ne
1954 2103 2123 2154 quem
2194 2086 2249 2139 in

619 2174 793 2227 alium
859 2173 1226 2242 quantumvis
1295 2173 1508 2226 bonum
1576 2193 1760 2236 usum,
1826 2181 2124 2243 argentum
2195 2172 2250 2225 in

620 2261 887 2312 salarium
954 2261 1396 2312 catechistarum
1462 2268 1517 2312 et
1591 2261 1991 2329 magistrorum
2065 2278 2248 2312 corro-

616 2354 812 2415 gatum
867 2347 1168 2400 derivetur.

694 2435 1013 2487 Subvereor
1073 2453 1143 2486 ne
1204 2433 1580 2487 stomacheris
1643 2453 1751 2497 me,
1817 2435 1978 2503 quasi
2038 2453 2248 2487 memo-

619 2522 716 2575 riae
778 2522 1128 2574 diffidentem
1190 2529 1323 2585 tuae,
1383 2522 1584 2573 eadem
1638 2522 1845 2575 iterata
1895 2522 2103 2591 saepius
2155 2540 2247 2591 og-

615 2627 834 2678 gerere;
892 2610 990 2663 sed
1049 2609 1277 2678 ignosce
1332 2608 1697 2663 sollicitudini
1755 2617 2034 2665 aestuante
2088 2610 2248 2664 affec-

614 2706 675 2748 tu
754 2696 811 2747 in
889 2695 1183 2747 cautiones
1261 2695 1502 2747 fortasse
1576 2716 2027 2763 supervacaneas
2093 2716 2249 2748 exce-

617 2785 772 2836 denti
789 2803 801 2846 ;
866 2793 921 2835 et
982 2784 1116 2834 boni
1180 2783 1410 2835 consule
1478 2784 1662 2851 rogari
1724 2792 1781 2835 te
1846 2785 2034 2835 denuo
2085 2783 2249 2835 vehe-

618 2879 840 2924 menter
891 2890 924 2923 a
979 2889 1086 2934 me,
1144 2872 1257 2923 duo
1310 2878 1371 2922 ut
1425 2870 1536 2922 ista
1591 2871 1901 2922 summaria
1964 2889 2250 2923 commen-

619 2958 867 3009 dationis
912 2976 1054 3009 meae
1100 2956 1530 3009 instantissimae
1568 2956 1757 3023 capita
1801 2957 1987 3023 primo
2029 2972 2253 3023 semper

610 3045 735 3097 loco
795 3053 1011 3107 teneam,
1086 3052 1147 3096 ut
1218 3043 1494 3095 momenti
1566 3062 1693 3095 meo
1756 3042 1974 3112 judicio
2042 3040 2248 3112 gravis-

616 3131 762 3186 simi.
831 3131 992 3185 Prius
1046 3138 1130 3184 est
1180 3131 1248 3183 de
1302 3130 1531 3183 assidua
1590 3130 1924 3184 lustratione
1976 3141 2248 3198 pagorum

2605 616 2692 666 irre

2606 702 2676 755 ris
