2692 3907
737 380 842 433 420
1154 378 1336 414 LIBER
1377 379 1428 413 V.
1449 392 1520 397 --
1540 377 1833 414 EPISTULA
1872 376 1949 413 VI.

736 525 944 569 caetero
973 517 1328 584 profitebere,
1360 516 1591 584 quando
1629 516 1749 583 jam
1792 515 2085 582 praefixum
2124 514 2180 565 id
2226 521 2365 565 tem-

735 621 840 671 pus
881 602 1136 671 elapsum
1179 601 1268 664 sit,
1312 601 1367 653 in
1408 601 1530 670 ejus
1567 600 1799 654 arbitrio
1836 608 1892 653 te
1930 600 2065 663 fore,
2104 607 2365 669 paratum

734 691 806 741 ad
862 698 1065 741 nutum
1120 689 1317 758 exequi
1366 690 1519 757 quod
1568 688 2003 757 praescripserit;
2060 706 2367 756 suggerens

731 787 926 831 tamen
992 797 1136 846 quae,
1204 785 1333 844 post
1400 776 1594 828 omnia
1658 794 1851 828 coram
1923 777 2045 828 Deo
2099 794 2365 844 expensa,

732 864 903 932 digna
957 862 1415 917 consideratione
1457 862 1813 924 videbuntur,
1871 863 1942 915 ad
1996 862 2366 916 statuendum

735 952 887 1019 quod
931 970 960 1002 e
1004 970 1063 1003 re
1107 949 1271 1002 fuerit
1317 950 1465 1002 circa
1513 950 2001 1018 opportunitatem
2049 956 2147 1001 aut
2194 949 2367 1002 etiam

736 1038 1137 1090 necessitatem
1182 1046 1295 1090 tuae
1339 1037 1621 1090 ulterioris
1665 1037 1723 1087 in
1767 1056 1833 1088 ea
1877 1037 2122 1089 statione
2172 1047 2367 1089 morae.

736 1126 821 1177 Ad
876 1144 972 1178 eas
1025 1124 1242 1177 litteras
1296 1124 1571 1192 quidquid
1626 1124 1714 1176 ille
1768 1124 2082 1177 rescribens
2134 1124 2366 1177 manda-

734 1213 895 1275 verit,
951 1212 1071 1264 sine
1125 1211 1235 1264 ulla
1287 1211 1651 1264 excusatione
1698 1219 1794 1264 aut
1853 1211 2123 1264 dilatione
2176 1210 2366 1264 facies.

739 1299 907 1368 Quod
949 1298 1063 1350 dixi
1106 1298 1174 1350 de
1216 1298 1417 1351 litteris
1464 1299 1535 1350 ad
1584 1317 1674 1350 me
1720 1299 1851 1361 tuis,
1904 1298 2220 1351 Malaccam
2268 1300 2368 1351 Ar-

733 1386 920 1439 muzia
972 1385 1287 1448 mittendis,
1343 1402 1458 1437 non
1505 1385 1585 1438 sic
1633 1384 1932 1453 intelligas,
1982 1393 2042 1439 ut
2090 1385 2264 1439 semel
2310 1385 2367 1438 in

733 1492 885 1525 anno
932 1471 988 1524 id
1037 1471 1250 1525 factum
1299 1471 1438 1524 satis
1482 1472 1582 1525 sit:
1633 1471 1764 1524 nolo
1807 1472 1960 1525 sinas
2004 1492 2207 1525 navem
2250 1492 2368 1526 om-

735 1562 872 1614 nino
917 1561 1087 1613 ullam
1137 1561 1287 1613 illinc
1337 1561 1654 1613 Malaccam
1701 1562 1934 1625 solvere,
1984 1562 2105 1614 sine
2152 1570 2250 1614 tua
2296 1563 2369 1614 ad

734 1667 824 1701 me
890 1648 1147 1716 epistola,
1218 1648 1544 1711 Francich
1612 1656 1673 1701 ut
1740 1649 1871 1712 dixi,
1931 1649 2160 1702 Perezio
2214 1669 2368 1703 com-

734 1738 1024 1789 mendata.
1735 1794 1737 1796 ¹

810 1825 877 1874 In
933 1842 1076 1875 nave
1131 1841 1301 1889 quam
1357 1823 1695 1875 conscendis
1747 1823 2113 1891 proficiscens
2166 1826 2367 1876 Armu-

736 1910 902 1972 ziam,
952 1909 1058 1971 fac,
1105 1927 1204 1960 oro
1247 1917 1321 1971 te,
1367 1928 1560 1961 curam
1605 1910 1895 1978 ingentem
1939 1911 2151 1963 habeas
2194 1929 2368 1964 saecu-

736 1995 869 2047 laris
914 1995 1017 2047 tibi
1065 1996 1122 2047 in
1170 1997 1439 2049 comitem
1494 1998 1768 2064 adjuncti,
1822 1998 2159 2065 pelliciendo
2213 1999 2369 2051 illum

735 2086 807 2134 ad
862 2083 1279 2135 confessionem
1333 2094 1729 2153 peccatorum3
1785 2095 1840 2136 et
1895 2087 1987 2136 ubi
2035 2105 2094 2137 se
2140 2088 2213 2137 ad
2260 2087 2370 2137 fru-

736 2186 864 2238 gem
917 2170 1031 2224 tuis
1085 2170 1406 2224 hortatibus
1458 2172 1752 2239 receperit,
1809 2172 2109 2240 diligenter
2159 2190 2369 2241 praeca—

734 2257 921 2309 vendo
968 2276 1038 2308 ne
1086 2256 1289 2309 iterum
1338 2277 1370 2309 a
1417 2266 1572 2310 recto
1619 2258 1863 2311 deficiat.
1922 2260 1989 2310 In
2044 2279 2186 2312 nave
2239 2278 2370 2313 con-

737 2345 1038 2397 cionabere
1094 2346 1413 2397 Dominicis
1466 2347 1685 2407 diebuS,
1735 2347 1970 2414 aliisque
2016 2348 2221 2414 quibus
2268 2348 2370 2399 tibi

738 2438 1124 2499 opportunum
1190 2432 1490 2486 videbitur.
1558 2432 1807 2486 Arbitrio
1873 2433 2025 2486 enim
2086 2441 2204 2496 tUO,
2268 2434 2370 2488 cir·
2422 2478 2427 2483 ,

737 2519 1083 2587 cumspectis
1146 2519 1367 2569 cunctis
1429 2518 1565 2586 quid
1627 2518 1684 2567 in
1746 2538 1804 2568 re
1865 2520 2135 2586 praese'nti
2189 2520 2371 2588 magis

735 2605 997 2671 expediat
1042 2604 1349 2666 statuendi,
1381 2604 1436 2656 id
1465 2611 1652 2656 totum
1687 2606 1977 2671 permitto,
2025 2607 2112 2657 Ne
2147 2607 2203 2657 in
2237 2624 2369 2659 con-

738 2689 999 2742 cionibus
1045 2688 1425 2742 eruditionem
1473 2708 1539 2742 ac
1588 2689 1922 2743 memoriam
1970 2697 2239 2753 ostenteS,
2289 2709 2370 2744 re-

735 2777 981 2828 citandis
1029 2795 1237 2845 magno
1282 2795 1519 2827 numero
1581 2777 1928 2828 testimoniis
1968 2786 2023 2829 et
2065 2778 2368 2830 auctorita-

734 2862 886 2915 tibus
948 2863 1285 2930 scriptorum
1341 2871 1617 2915 veterum.
1681 2864 1887 2925 Pauca,
1944 2864 2041 2916 sed
2094 2864 2258 2927 lecta,
2314 2872 2369 2917 et

736 2949 808 3001 ad
838 2967 957 3001 rem
998 2956 1133 3016 apta
1174 2948 1484 3008 sufficiant3
1525 2967 1733 3016 magna
1771 2968 1901 3016 pars
1935 2949 2202 3002 dictionis
2237 2968 2369 3003 con-

737 3044 997 3088 sumatur
1049 3035 1105 3087 in
1158 3035 1426 3105 graphice
1480 3036 1842 3105 depingendo
1896 3044 2048 3089 statu
2115 3036 2370 3089 interiori

737 3143 802 3180 ac
843 3124 1091 3178 tumultu
1133 3124 1449 3176 animarum
1494 3125 1883 3191 pecca11tiun13
1929 3126 2211 3193 inquietas
2252 3144 2367 3178 ma-
