2692 3907
697 388 803 442 288
1101 404 1288 443 LIBER
1328 405 1405 443 1v.
1427 422 1501 430 -—
1522 404 1819 444 EPISTOLA
1857 403 1938 443 v1.

691 532 831 583 nihil
890 532 1118 584 decerni
1178 551 1349 601 super
1401 552 1468 584 ea
1520 552 1580 584 re
1632 531 1783 595 novi,
1840 531 1947 584 etsi
2000 530 2169 583 video
2222 550 2338 584 non

696 624 900 675 deesse
946 624 1042 691 qui
1091 631 1292 676 contra
1347 625 1618 677 sentiant.

767 724 1042 777 Nondum
1087 723 1254 792 plane
1298 724 1591 788 constitui,
1638 732 1830 777 utrum
1875 742 1981 793 ego
2023 723 2164 793 ipse,
2209 741 2340 776 cum

693 836 808 870 uno
845 824 943 871 aut
981 816 1162 870 altero
1191 835 1221 870 e
1251 816 1560 881 Societate,
1597 816 1907 888 Japoniam
1950 826 2082 885 post
2127 816 2342 885 sesqui-

695 928 909 965 annum
963 919 1178 980 petam,
1233 929 1306 964 an
1360 928 1428 964 eo
1476 912 1621 964 duos
1668 929 1698 964 e
1747 912 2038 964 Societate
2090 911 2343 979 praemit-

692 1013 842 1067 tam;
888 1023 1025 1057 nam
1062 1013 1281 1058 certum
1321 1012 1408 1057 est
1446 1003 1586 1056 mihi
1616 1012 1713 1057 aut
1751 1004 1849 1067 ire,
1888 1017 1987 1056 aut
2026 1003 2169 1056 alios
2213 1003 2342 1057 mit-

692 1105 813 1150 tere
828 1116 840 1159 ;
887 1104 1060 1165 atque
1104 1104 1166 1149 ut
1211 1114 1363 1149 nunc
1406 1104 1511 1159 est,
1557 1097 1794 1149 inclinat
1838 1097 2064 1149 animus
2108 1097 2166 1147 in
2210 1113 2343 1148 con-

694 1189 883 1240 silium
929 1189 1120 1241 eundi.
1169 1191 1358 1240 Deum
1404 1207 1522 1251 or0,
1569 1196 1630 1240 ut
1676 1189 1831 1256 quod
1876 1188 2059 1256 magis
2096 1188 2147 1239 ei
2185 1187 2342 1240 cordi

695 1289 801 1344 est,
850 1280 907 1334 id
954 1280 1173 1350 liquido
1226 1280 1561 1349 praescribat
1616 1266 1775 1334 mihi.

770 1384 821 1435 E
858 1382 1041 1439 tribus
1085 1382 1274 1444 sociis,
1320 1383 1416 1449 qui
1464 1381 1758 1433 Molucum
1802 1380 2110 1449 petierunt,
2155 1379 2341 1432 visum

694 1482 781 1527 est
836 1464 1011 1527 unum
1073 1473 1297 1542 eligere,
1352 1473 1448 1542 qui
1503 1480 1776 1542 praeesset
1836 1472 2076 1526 caeteris.
2138 1474 2343 1541 Itaque

691 1570 979 1638 Joannem
1036 1569 1268 1619 Beiram
1328 1568 1529 1636 delegi,
1585 1569 1675 1620 cui
1728 1569 1929 1635 reliqui
1983 1569 2341 1636 obtempera-

694 1669 821 1712 rent
849 1679 965 1712 non
994 1679 1159 1712 secus
1188 1680 1254 1712 ac
1291 1660 1414 1712 tibi.
1470 1661 1538 1712 Id
1581 1660 1689 1711 illis
1731 1667 2063 1728 pergratum
2112 1653 2340 1713 aecidit.

695 1755 859 1807 Idem
913 1755 970 1807 in
1023 1755 1420 1822 promontorio
1481 1754 1814 1817 Comorino,
1870 1755 2207 1823 caeterisque
2260 1747 2373 1808 lo-'

695 1848 777 1899 'cis
834 1847 930 1898 ubi
986 1847 1175 1915 plures
1222 1867 1252 1898 e
1302 1846 1592 1899 Societate
1651 1854 1969 1909 versantur,
2043 1846 2342 1899 instituere

697 1939 906 2007 cogito.

766 2039 855 2089 Tu
898 2037 1066 2090 velim
1111 2047 1211 2090 tua
1253 2037 1451 2107 tuique
1495 2037 1885 2091 studiosorum
1933 2037 2339 2106 deprecatione

692 2124 858 2174 nobis
905 2124 962 2174 in
1009 2123 1118 2175 hac
1164 2125 1424 2175 barbarie
1477 2125 1840 2175 versantibus
1894 2125 2187 2175 coelestem
2237 2124 2339 2174 im-

692 2207 881 2274 plores
934 2226 1123 2274 opem.
1181 2209 1349 2275 Quod
1405 2216 1466 2261 ut
1520 2208 1696 2261 facias
1756 2209 2091 2275 impensius,
2151 2209 2338 2260 Deum

691 2293 1077 2344 immortalem
1116 2313 1234 2356 oro,
1274 2294 1378 2345 tibi
1418 2302 1478 2345 ut
1508 2294 1777 2345 ostendat
1822 2293 2114 2356 divinitus,
2160 2313 2337 2363 quan-

691 2384 816 2431 tum
863 2395 968 2446 ego
1014 2386 1129 2432 tuae
1171 2381 1260 2432 vel
1304 2381 1429 2448 opis
1471 2382 1559 2433 vel
1606 2398 1794 2449 operae
1843 2382 2150 2450 indigeam.

764 2562 944 2597 XIII.
1015 2546 1305 2599 Kalendas
1374 2549 1541 2600 Febr.
1609 2548 1758 2600 Anni
1813 2568 1846 2600 a
1901 2548 2135 2601 Christo
2201 2556 2338 2601 nato

696 2635 1106 2685 MDXLVIII.
1154 2635 1376 2687 Cocini.
