2815 3911
742 362 927 399 LIBER
968 362 1455 402 1v.—-EP1sToLA
1495 361 1549 400 v.
1876 358 1980 414 275

334 492 416 547 tia
476 508 665 545 rerum
728 509 856 561 quae
917 501 1190 561 geruntur
1245 494 1304 543 in
1357 490 1543 542 insula
1597 487 1854 550 CeilanO,
1909 488 1980 541 de

335 577 444 630 illis
490 576 704 639 scribit,
749 594 896 645 quae,
951 579 1023 630 ad
1067 580 1490 631 exonerandam
1544 576 1979 638 conscientiam,

335 672 456 717 tam
521 663 643 732 ejus
706 682 879 732 quam
942 671 1057 717 tuae
1130 663 1468 732 majestatiS,
1524 661 1846 731 significare
1898 660 1980 730 ip-

337 769 465 804 sum
531 759 587 803 et
651 759 710 803 te
775 769 1137 820 cognoscere,
1205 750 1502 819 utriusque
1566 749 1825 801 interest.
1894 749 1983 801 Ea

337 837 428 891 ille
481 836 603 890 fuse
657 837 938 906 clareque,
994 855 1061 891 ac
1113 856 1340 891 summa
1392 840 1505 889 fide
1559 835 1806 898 disserit,
1855 854 1981 904 par-

336 923 442 976 tim
496 922 554 974 in
607 922 851 991 epistola
903 922 1179 992 inscripta
1230 931 1345 977 tuae
1401 922 1710 991 majestati,
1770 923 1981 990 partim

338 1010 396 1060 in
471 1009 616 1060 actis
689 1026 756 1060 ac
831 1010 1262 1060 commentariis
1332 1008 1503 1060 simul
1568 1007 1785 1059 missis:
1854 1025 1982 1074 quae

341 1093 480 1146 mihi
544 1094 739 1146 omnia
801 1095 1275 1148 communicavit:
1341 1112 1516 1162 quare
1574 1094 1807 1161 dignam
1862 1110 1982 1145 rem

340 1197 442 1231 sua
516 1186 724 1231 caetera
800 1179 1081 1247 sapientia
1152 1179 1347 1231 fecerit
1415 1179 1689 1247 majestas
1752 1188 1870 1241 tua,
1938 1178 1985 1230 si

339 1271 460 1317 tam
522 1264 638 1316 fida
698 1264 906 1317 notitia
966 1272 1120 1318 recte
1183 1272 1369 1328 utenS,
1434 1264 1863 1333 quamprimum
1918 1283 1986 1316 ea

333 1351 573 1419 jusseris
627 1366 773 1419 quae,
828 1352 900 1403 ad
948 1350 1373 1419 defungendum
1417 1358 1519 1403 tuo
1565 1350 1674 1404 hac
1720 1350 1778 1403 in
1824 1358 1987 1419 parte

342 1456 576 1488 munere
639 1456 706 1489 ac
764 1438 968 1499 officiO,
1029 1437 1353 1489 necessario
1413 1438 1775 1490 decernenda
1830 1437 1985 1490 vide-

340 1524 571 1576 buntur.
646 1523 928 1591 Denique,
1000 1522 1203 1574 fratres
1268 1542 1497 1590 quoque
1563 1540 1724 1574 meos
1788 1541 1818 1575 e
1886 1523 1986 1575 So-

343 1609 569 1672 cietate,
634 1610 901 1662 existimo
963 1618 1018 1663 et
1082 1611 1238 1678 ipsos
1292 1611 1550 1661 scribere,
1593 1611 1666 1661 ad
1721 1610 1988 1678 majesta-

342 1704 460 1748 tem
535 1703 715 1758 tuam,
791 1696 1143 1763 reddereque
1219 1694 1550 1762 singillatim
1627 1713 1694 1749 ac
1770 1695 1991 1749 minute

344 1781 627 1833 rationem
686 1780 1173 1831 christianitatum
1238 1779 1690 1842 ComorinensiS,
1749 1782 1988 1842 Goanae,

345 1873 400 1917 et
454 1865 693 1917 aliarum
747 1883 874 1931 quae
928 1884 1029 1932 per
1074 1866 1180 1919 hos
1230 1867 1411 1919 Indiae
1459 1873 1679 1919 tractus
1726 1874 1824 1918 aut
1867 1867 1988 1934 jam

345 1951 592 2002 conditae
667 1958 819 2012 sunt,
895 1959 993 2001 aut
1067 1949 1324 2017 quotidie
1389 1950 1718 2002 conduntur
1781 1966 1990 2017 augen-

344 2042 527 2088 turve.

420 2121 589 2190 Quod
663 2120 736 2172 ad
811 2138 902 2172 me
975 2120 1244 2188 privatim
1316 2120 1543 2183 attinet,
1613 2120 1857 2173 multum
1924 2137 1992 2172 ac

347 2222 498 2275 saepe
564 2206 828 2276 cogitavi,
896 2207 1318 2277 deliberavique
1384 2224 1513 2258 cum
1581 2206 1776 2257 animo
1842 2224 1991 2267 meo,

346 2294 551 2363 ecquid
629 2312 973 2361 exponerem
1050 2312 1152 2361 per
1227 2294 1447 2347 litteras
1519 2293 1810 2362 majestati
1875 2300 1991 2348 tuae

347 2383 501 2449 quod
577 2381 717 2431 mihi
793 2380 1279 2448 circumspicienti
1354 2400 1481 2447 quae
1547 2378 1640 2432 hic
1705 2379 1867 2442 fiunt,
1935 2386 1992 2433 et

347 2465 733 2517 attentissime
801 2473 1010 2518 cuncta
1077 2466 1385 2533 reputanti,
1450 2466 1777 2517 faciendum
1838 2466 1992 2517 vide-

348 2559 503 2602 retur
563 2552 635 2602 ad
698 2550 811 2602 late
875 2551 1367 2602 disseminandam
1431 2551 1488 2602 in
1553 2551 1642 2603 his
1694 2551 1879 2613 terris,
1936 2559 1992 2604 et

348 2637 588 2689 firmiter
661 2637 1064 2689 stabiliendam
1140 2645 1396 2689 nostram
1470 2645 1731 2689 sanctam
1797 2638 1991 2689 fidem.

353 2723 508 2774 Hinc
560 2723 791 2789 quidem
846 2723 1175 2789 impellebat
1223 2731 1284 2775 ut
1331 2725 1688 2790 aggrederer,
1737 2723 2004 2777 studium·

350 2798 703 2877 obsequendi
779 2808 905 2859 Deo
979 2815 1035 2859 et
1108 2807 1230 2875 ejus
1295 2808 1704 2874 promovendae
1769 2807 1992 2875 gloriae:

351 2895 674 2947 deterrebat
739 2895 967 2947 aliunde
1030 2912 1100 2946 ne
1158 2897 1448 2958 auderem,
1513 2897 1667 2963 quod
1730 2896 1994 2964 despera-

351 2999 469 3032 rem
550 2981 890 3033 exstiturum
968 2981 1101 3032 inde
1178 2999 1366 3047 operae
1446 2982 1723 3048 pretium:
1807 3000 1993 3050 neque

353 3066 504 3119 enim
576 3067 633 3119 in
703 3086 824 3142 rem
896 3085 1148 3135 unquam
1215 3067 1561 3120 conferenda
1625 3068 1990 3121 confidebam
