2645 3907
722 368 790 435 60
1149 399 1331 436 LIBER
1372 400 1433 436 ΙΙ.
1456 416 1528 420 —
1550 400 1844 437 EPISTOLA
1889 399 1925 437 Ι.

721 529 1080 581 substitimus
1140 529 1287 581 dies:
1356 529 1447 582 hic
1510 530 1770 583 Lusitani
1830 537 2176 582 mercatores
2239 530 2350 598 ple·
2540 519 2628 573 qul

718 633 958 682 rumque
1009 624 1333 677 versantur;
1396 635 1636 684 quorum
1693 617 1738 669 si
1792 617 1887 685 qui
1942 616 2085 670 forte
2139 617 2350 670 ibidem
2541 606 2645 660 pre‘

719 701 998 754 excedunt
1047 720 1076 754 e
1120 702 1256 765 vita,
1312 702 1534 770 magnis
1586 702 1897 756 humantur
1949 702 2203 765 tumuliS,
2259 704 2351 771 qui
2543 692 2645 746 pr&

88 839 122 854 ,,
718 788 932 856 passim
973 790 1234 842 crucibus
1275 789 1525 859 insignes
1563 791 1840 843 visuntur.
1886 792 2125 860 Propter
2151 792 2349 845 urbem
2546 766 2645 833 Qu(

86 868 93 902 ³
723 874 983 928 Lusitani
1059 875 1348 943 ingentem
1414 894 1443 928 e
1510 894 1645 929 saxo
1711 876 1972 930 inaurato
2047 867 2351 945 pulcherri-
2547 866 2645 903 nus

721 978 989 1029 mamque
1062 968 1380 1015 statuerant
1437 950 1699 1016 crucem.
1781 963 1909 1017 Dici
1982 963 2109 1016 vix.
2146 972 2351 1035 potest,
2549 955 2609 1033 ἕο

64 1059 93 1078 ‘
721 1054 998 1115 quantum
1046 1066 1113 1099 ex
1158 1043 1226 1100 e‘o
1276 1049 1511 1117 aspectu
1558 1048 1804 1117 ceperim
1851 1049 2177 1118 voluptatis
2245 1052 2352 1119 Ap-
2552 1039 2645 1118 Hm

19 1119 92 1205 ‘
717 1133 952 1201 parebat
1005 1134 1157 1186 enim
1210 1134 1295 1187 vis
1349 1135 1547 1198 cruciS,
1597 1154 1724 1204 quae
1772 1136 1829 1188 in
1877 1136 2066 1189 media
2121 1138 2349 1189 Sarace-
2551 1112 2645 1163 ωε]

55 1249 92 1273 2
721 1237 924 1271 norum
984 1220 1200 1272 ditione
1251 1221 1453 1273 victrix
1505 1222 1799 1274 emineret.
2554 1209 2645 1248 nur

54 1284 93 1380 ἓξ
145 1330 148 1331 ’
796 1306 1159 1359 Melindanus
1205 1326 1301 1359 rex
1349 1307 1405 1358 in
1455 1309 1645 1360 navim
1692 1310 1762 1360 ad
1817 1317 2119 1377 praetorem
2178 1311 2354 1363 Indiae
2554 1283 2645 1335 lese

36 1374 126 1463 {i
720 1393 1002 1446 salutandi
1065 1413 1236 1447 causa
1296 1396 1469 1458 venit,
1536 1413 1781 1464 eumque
1844 1395 2087 1464 benigne
2152 1396 2353 1449 amice-
2558 1386 2616 1421 ac

22 1460 105 1549 ἓξ
720 1498 829 1548 que
876 1482 1114 1549 excepit.
1190 1481 1456 1535 Melindae
1505 1500 1635 1535 cum
1682 1500 1885 1545 essem,
1934 1482 2129 1554 funere
2175 1482 2353 1537 elatus
2563 1457 2641 1508 De

22 1480 93 1638 ii,
720 1575 805 1619 est
854 1567 1105 1634 quidam,
1155 1568 1249 1636 qui
1294 1568 1350 1620 in
1395 1577 1590 1621 nostra
1638 1568 1765 1621 navi
1817 1578 2061 1622 mortem
2109 1568 2354 1622 obierat:
2566 1558 2645 1595 ses

23 1632 132 1728 if
720 1654 769 1705 ei
817 1654 974 1722 justa
1027 1657 1132 1707 rite
1185 1656 1473 1724 persoluta
1528 1665 1678 1719 sunt,
1735 1676 1941 1725 magna
2002 1677 2133 1709 cum
2197 1659 2356 1709 Sara·
2631 1628 2645 1681 ]

22 1717 127 1799 [i
721 1761 991 1795 cenorum
1059 1745 1488 1813 approbatione,
1555 1744 1882 1797 mirantium
1953 1753 2207 1798 nostram
2276 1763 2355 1797 se·
2565 1734 2645 1767 nffl

23 1798 94 1882 i
721 1830 961 1899 pulturae
1015 1831 1493 1900 exequiarumque
1547 1832 1845 1885 rationem.
2567 1804 2631 1855 ad

22 1898 122 1992 ij
797 1919 1113 1970 Saracenus
1190 1918 1532 1971 Melindanae
1606 1919 1853 1972 civitatis
1923 1920 2226 1987 primarius
2292 1938 2356 1971 ex
2569 1898 2645 1984 esst

20 1959 122 2106 {}³
725 2023 815 2056 me
877 2012 1244 2072 percontatus
1305 2013 1408 2067 est,
1466 2024 1599 2057 num
1664 2006 1897 2074 templa,
1953 2006 2048 2058 ubi
2102 2024 2206 2058 nos
2272 2023 2357 2057 so·
2570 1984 2645 2028 tm

23 2076 153 2166 {f
722 2092 904 2144 lemus
969 2111 1147 2155 orare,
1215 2092 1655 2145 christianorum
1725 2093 2044 2161 frequentia
2115 2092 2357 2145 celebra·
2572 2081 2645 2157 no:

81 2171 93 2190 ³
724 2187 935 2241 rentur,
984 2187 1039 2231 et
1086 2198 1258 2247 quam
1311 2179 1508 2231 fervidi
1562 2180 1888 2248 assiduique
1944 2180 2116 2250 iidem
2176 2186 2362 2232 essent
2574 2167 2645 2202 ms

28 2224 154 2380 §3
724 2266 779 2318 in
847 2266 1078 2319 Christo
1144 2267 1401 2319 colendo.
1496 2267 1699 2320 Aiebat
1765 2267 1916 2319 enim
1982 2268 2133 2336 apud
2212 2267 2364 2336 ipsos
2576 2244 2624 2289 et

55 2331 129 2450 ᾗ
718 2354 1060 2423 jamdudum
1119 2354 1400 2407 refrixisse
1458 2355 1761 2424 pietatem3
1831 2355 2105 2425 quocirca
2162 2353 2364 2425 cupere
2578 2341 2645 2374 ca]

56 2432 122 2539 ἒξ
725 2460 783 2494 se
821 2441 981 2504 scire,
1013 2440 1241 2495 idemne
1282 2441 1608 2495 christianis
1656 2441 1984 2495 hominibus
2025 2441 2363 2495 usuveniret.
2580 2409 2645 2461 5⁰]

726 2529 951 2597 Quippe
1022 2548 1089 2580 ex
1160 2529 1570 2597 septemdecim
1644 2529 1809 2591 fanis,
1891 2548 2021 2597 quae
2103 2528 2365 2580 Melindae
2581 2512 2645 2548 no

725 2625 932 2677 essent,
986 2617 1095 2667 tria
1149 2618 1442 2678 duntaxat,
1492 2635 1671 2684 eaque
1719 2635 1752 2667 a
1799 2616 1996 2683 paucis
2032 2616 2365 2666 admodum
2583 2598 2645 2633 ne

55 2702 80 2721 ³
725 2702 1090 2770 frequentari.
1149 2703 1350 2770 Itaque
1398 2701 1571 2754 homo
1620 2710 1738 2754 erat
1788 2719 1923 2753 sane
1972 2701 2362 2759 conturbatUS‚
2584 2683 2645 2732 qu

58 2813 86 2844 v
726 2789 1109 2858 haerebatque,
1160 2790 1312 2858 quod
1361 2790 1666 2858 ignoraret,
1714 2789 1849 2858 quid
1897 2789 2132 2841 tandem
2180 2803 2364 2839 causae
2587 2751 2645 2803 C]

58 2861 86 2950 Ξ
729 2884 895 2938 esset,
938 2893 1037 2927 cur
1078 2893 1308 2927 suorum
1352 2876 1533 2944 pietas
1576 2876 1848 2927 interiret.
1919 2874 2203 2926 Nimirum
2246 2881 2365 2925 tan·
2588 2855 2645 2931 39

58 2951 91 3042 ᾗ
727 2973 849 3016 tum
896 2964 1029 3017 mali
1074 2964 1298 3016 dicebat
1344 2964 1568 3016 nonnisi
1618 2982 1685 3016 ex
1732 2963 1948 3016 nefario
1992 2962 2183 3031 aliquo
2226 2961 2368 3030 ipso·
2589 2941 2645 3018 vr

58 3038 86 3063 ᾗῇ
728 3069 852 3101 rum
919 3051 1128 3102 scelere
1195 3058 1390 3102 natum
1460 3069 1601 3102 esse.
1688 3049 1885 3101 Multis
1951 3048 2137 3100 verbis
2202 3062 2367 3114 super
2592 3026 2645 3149 Ξ

730 3158 795 3189 ea
843 3157 899 3190 re
945 3139 1094 3191 ultro
1142 3138 1397 3207 citroque
1454 3138 1682 3200 habitis,
1730 3137 1862 3199 dixi,
1912 3138 2117 3200 Deum,
2166 3135 2371 3208 quippe
