2815 3911
578 375 768 412 LIBER
810 376 886 412 IV.
905 377 1251 414 —SYMBOLI
1293 374 1691 414 DECLARATIO.
1842 373 1946 427 329

396 505 625 559 Lucifer
664 506 744 559 sic
783 507 1063 571 detrusus,
1104 509 1301 561 videns
1329 510 1614 561 Adamum
1656 515 1711 559 et
1760 508 1944 558 Evam

321 592 535 660 primos
601 591 881 655 homineS,
950 592 1151 647 invidit
1217 594 1354 662 ipsis
1418 594 1659 661 gratiam
1716 592 1773 644 in
1834 609 1945 659 qua

322 677 541 731 fuerant
594 697 627 730 a
680 678 804 731 Deo
856 678 1056 740 creati;
1111 687 1165 732 et
1219 688 1278 733 ut
1331 698 1428 732 eos
1479 678 1611 732 inde
1657 677 1944 747 dejiceret,

323 765 643 834 superbiam
697 765 818 834 ejus
870 765 1111 819 similem
1164 785 1275 836 qua
1320 766 1440 836 ipse
1487 767 1556 818 de
1602 764 1746 818 coelo
1797 763 1944 816 deci-

326 852 502 914 derat,
550 851 631 903 eis
677 852 954 919 suggessit
969 869 980 912 ;
1030 853 1303 920 objiciens
1349 852 1644 905 conventis
1686 852 1743 903 in
1785 868 1945 918 para·

326 937 450 990 diso
494 938 763 1001 terrestri,
812 937 1009 990 falsam
1066 958 1222 1008 spem
1284 938 1623 1008 assequendi
1671 939 1946 990 honorem

324 1024 515 1077 divino
579 1041 791 1092 parem,
859 1025 903 1077 si
971 1043 1201 1093 pomum
1268 1044 1300 1079 a
1376 1028 1648 1079 Creatore
1707 1025 1948 1078 vetitum

325 1110 706 1164 comederent.
772 1111 1111 1165 Arrexerunt
1175 1111 1396 1165 animos
1460 1112 1644 1164 Adam
1709 1117 1765 1163 et
1826 1111 1951 1163 Eva

326 1200 397 1254 ad
474 1200 806 1255 mendacem
884 1201 1130 1270 speciem
1206 1201 1501 1271 promissae
1562 1199 1950 1255 similitudinis

332 1286 455 1349 Dei,
510 1294 566 1339 et
616 1286 922 1339 tentationi
974 1288 1394 1340 consentientes
1447 1288 1816 1340 comederunt
1881 1287 1952 1339 de

324 1373 506 1425 fructu
571 1374 888 1425 interdictae
953 1374 1198 1435 arboriS,
1253 1374 1694 1440 excideruntque
1754 1372 1949 1425 statim

324 1458 522 1525 gratia,
568 1458 624 1509 in
668 1476 780 1525 qua
821 1457 1042 1510 fuerant
1086 1458 1259 1509 creati
1274 1476 1286 1518 3
1333 1476 1576 1525 moxque
1618 1457 1676 1507 in
1719 1475 1950 1524 poenam

326 1561 553 1596 suorum
619 1550 1003 1611 peccatorum,
1070 1543 1234 1610 ejecit
1299 1560 1395 1595 eos
1476 1543 1632 1595 Deus
1697 1541 1952 1607 terrestri

327 1629 608 1698 paradiso,
663 1628 939 1681 Vixerunt
993 1628 1123 1679 inde
1176 1635 1333 1679 extra
1377 1628 1603 1679 beatam
1652 1629 1847 1679 sedem
1894 1628 1952 1678 in

325 1714 611 1768 laboribus
685 1732 786 1782 per
863 1720 1179 1781 nongentos
1257 1731 1473 1777 annOS,
1551 1713 1949 1781 poenitentiam

327 1808 558 1871 agentes
628 1799 866 1870 peccati,
939 1800 1092 1868 quod
1168 1799 1552 1861 admiserant3
1607 1800 1769 1868 cujus
1832 1806 1952 1852 tam

327 1888 681 1957 inexpiabilis
733 1888 887 1941 labes
941 1887 1061 1950 fuit,
1116 1895 1177 1940 ut
1229 1895 1754 1955 quantumcumque
1806 1888 1952 1940 Ada-

329 1996 455 2030 mus
507 1984 563 2030 et
615 1975 736 2045 ejus
787 1974 887 2028 filii
938 1974 1155 2028 luerent
1200 1974 1477 2028 atrocium
1527 1974 1951 2044 suppliciorum,

328 2064 670 2118 insufficiens
733 2072 882 2117 esset
948 2064 1020 2116 ad
1084 2063 1206 2131 ejus
1282 2063 1582 2116 delendam
1651 2063 1953 2127 maculam,

328 2151 593 2220 ipsosque
669 2150 1052 2204 restituendos
1128 2149 1184 2202 in
1262 2168 1421 2218 spem
1487 2150 1732 2218 priorem
1804 2169 1953 2205 asse-

328 2239 568 2308 quendae
615 2237 899 2291 felicitatis
948 2245 1193 2300 aeternae,
1241 2245 1495 2305 ereptam
1537 2238 1694 2306 justa
1742 2238 1956 2291 ultione

329 2326 543 2378 insanae
621 2325 919 2392 superbiae,
998 2342 1111 2391 qua
1185 2324 1303 2378 fieri
1368 2325 1775 2392 concupierant
1849 2325 1957 2378 Dei

331 2411 570 2463 similes:
626 2411 705 2463 ita
758 2418 818 2462 ut
882 2410 976 2461 illo
1040 2418 1218 2477 portae
1284 2409 1554 2462 coelorum
1617 2410 1955 2478 impenetra-

328 2499 534 2553 bilibus
586 2500 892 2553 obstructae
946 2498 1225 2567 repagulis
1277 2507 1694 2566 permanerent,
1761 2508 1816 2553 et
1878 2499 1957 2569 ip-

331 2604 456 2639 sum
533 2586 816 2638 Adamum
894 2592 948 2638 et
1026 2585 1147 2653 ejus
1211 2592 1469 2653 posteros
1540 2586 1959 2640 inexorabiliter

330 2682 587 2728 arcentes
633 2673 788 2727 aditu
838 2673 1046 2743 gloriae,
1095 2673 1256 2742 cujus
1302 2690 1404 2725 suo
1446 2681 1501 2726 et
1544 2673 1765 2727 illorum
1815 2674 1957 2744 peri-

335 2761 461 2814 culo
512 2779 774 2829 peccanS,
823 2761 1105 2828 jacturam
1159 2759 1366 2813 fecerat
1419 2759 1860 2828 irreparabilem.

408 2849 458 2902 O
525 2847 847 2910 christiani,
914 2847 1048 2915 quid
1101 2846 1264 2898 nobis
1317 2845 1633 2900 infelicibus
1697 2848 1830 2901 fiet?
1899 2847 1959 2901 Si

334 2943 421 2990 tot
497 2936 679 3005 angeli
750 2943 982 3004 propter
1058 2952 1231 2986 unum
1311 2935 1588 3003 superbiae
1657 2944 1957 3005 peccatum

334 3022 478 3076 coelo
529 3021 850 3091 praecipites
896 3021 1174 3074 exturbati
1218 3028 1367 3084 sunt,
1416 3028 1471 3074 et
1517 3022 1574 3074 in
1620 3022 1798 3076 imum
1846 3030 1956 3077 tar—

331 3117 515 3163 tarum
582 3108 795 3163 detrusi
811 3126 822 3169 ;
890 3108 1072 3160 Adam
1137 3125 1269 3159 vero
1332 3115 1387 3174 et
1456 3109 1579 3159 Eva
1643 3109 1715 3160 ob
1774 3109 1958 3162 simile
