2692 3907
651 360 758 428 276
1057 374 1242 411 LIBER
1284 375 1361 412 1v.
1383 388 1456 396 —
1479 374 1777 412 EPISTOLA
1816 374 1871 412 v.

650 521 779 571 quae
853 503 1301 576 proposuissem.
1379 503 1554 571 Atqui
1629 511 1821 557 tacere
1895 503 2052 556 salvo
2118 503 2305 557 officio

649 588 803 641 haud
866 587 1007 640 mihi
1068 588 1305 640 videbar
1366 609 1566 657 posse3
1628 589 1825 657 utique
1880 609 2011 640 cum
2066 609 2303 659 appare-

647 684 751 739 ret,
828 692 944 728 non
1020 675 1142 727 sine
1218 684 1376 728 certo
1442 676 1684 728 consilio
1753 692 2093 729 concessum
2162 676 2303 729 mihi

646 759 938 821 divinituS,
1003 766 1065 812 ut
1128 758 1234 812 hos
1296 759 1526 828 penitus
1591 760 1786 812 animo
1851 779 2053 813 sensus
2114 761 2301 813 conci-

607 865 862 915 -perem.
948 847 1071 899 Nec
1152 847 1515 899 comminisci
1597 855 1858 915 poteram
1934 848 2301 901 verisimilius

650 933 967 1000 quidquam
1023 951 1123 985 cur
1177 935 1336 985 Deus
1390 933 1502 985 ista
1550 933 1690 985 mihi
1738 934 1959 1001 aperire
2004 935 2298 997 voluisset,

648 1020 756 1070 nisi
828 1029 890 1071 ut
956 1039 990 1071 a
1056 1039 1147 1071 me
1213 1021 1607 1071 indicarentur
1672 1021 1962 1087 majestati
2028 1029 2173 1073 tuae:
2241 1030 2297 1073 et

649 1112 843 1157 tamen
916 1123 1111 1157 rursus
1183 1105 1437 1168 verebar,
1510 1123 1581 1158 ne
1647 1105 1694 1157 si
1760 1106 1913 1173 quod
1980 1124 2072 1158 me
2137 1106 2296 1174 angit

646 1210 1011 1259 exponerem,
1091 1191 1215 1244 haec
1295 1211 1423 1244 mea
1499 1192 1743 1260 epistola
1821 1192 1966 1244 forte
2032 1193 2090 1244 in
2155 1193 2297 1246 hora

647 1278 850 1330 mortis
902 1286 1197 1331 accusaret
1252 1279 1405 1347 apud
1462 1279 1649 1331 Deum
1700 1279 2064 1348 majestatem
2112 1287 2293 1344 tuam,

646 1372 1095 1433 aggravaretque
1170 1365 1560 1417 conditionem
1634 1383 1700 1418 ac
1765 1365 2079 1434 periculum
2147 1366 2296 1419 illius

640 1450 843 1519 judicii
897 1450 1168 1517 supremi,
1225 1451 1512 1503 demenda
1565 1450 1669 1503 tibi
1724 1450 2091 1503 excusatione
2138 1451 2294 1519 igno-

649 1537 870 1591 rantiae.

720 1626 932 1677 Credat
987 1624 1146 1686 mihi,
1201 1642 1415 1692 quaeSO,
1458 1624 1739 1692 majestas
1784 1631 1902 1687 tua,
1944 1624 2002 1676 id
2044 1643 2136 1676 me
2176 1643 2292 1676 non

648 1713 1015 1765 mediocriter
1080 1712 1347 1780 angebat.
1420 1712 1648 1780 Quippe
1714 1729 1846 1764 cum
1914 1711 2051 1764 mihi
2107 1729 2292 1765 essem

644 1795 847 1848 intime
910 1796 1192 1857 conscius,
1259 1796 1399 1847 nihil
1463 1815 1554 1847 me
1618 1804 1879 1862 spectare
1932 1805 2030 1848 aut
2084 1816 2291 1863 cupere

643 1882 777 1936 hinc
839 1883 1011 1945 aliud,
1077 1882 1185 1935 nisi
1248 1882 1537 1935 laboribus
1600 1902 1692 1935 me
1746 1884 2045 1947 conficere,
2102 1892 2157 1936 et
2210 1884 2289 1936 vi-

642 1976 763 2021 tam
826 1967 1011 2035 ipsam
1070 1966 1414 2035 profundere
1468 1967 1525 2018 in
1580 1967 1762 2019 salute
1815 1967 2135 2019 animarum
2191 1987 2292 2036 per

642 2055 748 2107 hos
813 2056 994 2107 Indiae
1056 2062 1275 2107 tractus
1336 2055 1715 2121 procuranda,
1777 2062 1838 2107 ut
1892 2054 1973 2106 sic
2027 2054 2290 2108 detrahe-

642 2158 781 2202 rem,
848 2147 1128 2208 quantum
1187 2157 1437 2207 possem,
1499 2140 1569 2192 de
1623 2157 1795 2192 onere
1849 2139 2016 2192 officii
2071 2138 2288 2192 incum-

641 2227 831 2279 bentis
903 2226 1006 2279 tibi
1023 2245 1035 2289 3
1113 2234 1169 2279 et
1244 2225 1607 2295 defungenda
1671 2234 1832 2295 parte
1898 2226 2288 2279 commendati

643 2330 792 2366 curae
854 2320 969 2365 tuae
1033 2312 1304 2374 muneriS,
1369 2313 1694 2378 expedirem
1758 2312 2011 2365 rationes
2070 2312 2287 2364 consci-

642 2397 812 2450 entiae
876 2397 1198 2465 majestatis
1259 2406 1392 2459 tuae,
1458 2397 1917 2465 securioremque
1979 2406 2036 2449 te
2094 2397 2151 2448 in
2199 2398 2286 2465 ju-

641 2485 774 2536 dicii
834 2485 1073 2536 extremi
1132 2484 1368 2536 terribili
1422 2484 1545 2535 alea
1597 2491 1959 2551 praestarem:
2017 2485 2170 2550 quod
2224 2491 2286 2536 ut

638 2577 738 2621 tua
804 2587 976 2621 causa
1070 2568 1259 2630 velim,
1343 2576 1398 2620 et
1479 2568 1679 2636 quavis
1765 2567 2135 2620 contentione
2219 2585 2286 2618 ac

640 2675 896 2707 aerumna
950 2674 1078 2706 mea
1130 2656 1275 2705 bene
1328 2663 1525 2721 putem
1575 2663 1854 2721 emptum,
1906 2662 2156 2705 meretur
2202 2653 2283 2703 in-

635 2760 774 2809 gens
844 2750 976 2793 tuus
1047 2743 1104 2792 in
1176 2740 1434 2792 nostram
1503 2741 1854 2792 Societatem
1921 2759 2099 2792 amor.
2171 2742 2282 2792 Hae

633 2826 954 2889 contrariae,
1034 2825 1302 2888 Domine,
1385 2825 1817 2888 sollicitudines,
1894 2825 2042 2877 inter
2114 2825 2283 2877 officii

633 2914 745 2965 mei
799 2922 855 2965 et
908 2914 992 2965 tui
1046 2913 1282 2981 periculi
1330 2914 1682 2965 alternantes
1731 2921 1938 2975 metuS,
1988 2913 2130 2964 mire
2178 2913 2280 2964 mi-

632 3015 886 3067 sereque,
942 3004 1004 3051 ut
1058 3015 1256 3051 verum
1312 2996 1510 3059 fatear,
1568 3014 1760 3050 meum
1809 2996 1881 3050 ad
1931 3014 1990 3050 se
2037 3013 2282 3064 quaeque

629 3084 782 3138 varie
857 3083 1173 3147 trahenteS,
1251 3082 1654 3151 discerpebant
1734 3082 2278 3152 confundebantque
