2692 3907
741 361 844 427 378
1151 376 1334 413 LIBER
1377 375 1833 414 v.—E1>ISToLA
1875 376 1960 414 111.
2020 433 2024 437 y

740 508 1057 559 existimavi
1125 510 1185 557 P.
1255 510 1573 577 Gasparem
1639 507 1876 576 collegio
1936 508 2242 576 praeficere,
2310 515 2372 559 ut

740 594 1025 647 Antonius
1065 595 1221 647 omni
1262 595 1481 648 solutus
1521 611 1672 658 cura,
1714 596 1771 648 in
1812 595 2203 658 concionibuS,
2241 610 2372 648 con-

742 678 1081 732 fessionibus
1133 679 1358 745 civium,
1422 680 1924 734 exercitationibus
1989 679 2375 749 spiritualibus

741 776 898 822 totus
944 778 1111 823 esset.
1159 772 1247 823 Ad
1294 788 1420 839 quae
1468 771 1664 823 munia
1706 770 1969 823 obeunda
2013 769 2165 822 haud
2207 768 2376 839 paulo

742 854 869 923 plus
920 854 1109 919 habet·
1146 874 1318 925 quam
1371 857 1443 910 ad
1496 856 1807 925 regendum
1869 855 2185 910 facultatis:
2246 872 2375 910 cum

743 943 1060 1011 praesertim
1101 944 1433 996 domesticae
1476 944 1991 995 administrationis
2037 962 2181 995 onus
2224 961 2375 1011 egre-

744 1028 833 1097 gie
885 1029 1162 1083 sustineat
1217 1032 1458 1099 Gaspar.
1525 1030 1849 1099 Praecipie5‚
1917 1046 2111 1099 quaeso
2174 1037 2249 1093 te,
2315 1036 2376 1082 ut

745 1115 1053 1184 quotannis
1098 1115 1209 1169 huc
1255 1115 1470 1185 aliquot
1522 1136 1551 1169 e
1607 1116 1896 1170 Societate
1949 1115 2376 1178 submittantur,

746 1212 918 1274 atque
963 1204 1167 1258 horum
1213 1205 1465 1276 plerique
1517 1205 1861 1259 sacerdotes,

821 1291 1045 1346 Scribes
1109 1292 1282 1347 etiam
1339 1294 1605 1357 Romam,
1672 1300 1727 1347 et
1780 1292 2124 1362 ubicumque
2191 1293 2379 1348 Socie-

747 1387 837 1432 tas
882 1387 985 1443 est,
1034 1388 1094 1433 ut
1142 1380 1569 1433 Conimbricam
1624 1379 1857 1433 mittant
1911 1380 2237 1433 sacerdotes
2283 1379 2379 1432 ali·

749 1474 888 1536 quot
941 1485 1151 1535 magno
1203 1485 1306 1520 usu
1360 1486 1427 1520 ac
1481 1475 1743 1536 spectata
1805 1468 2031 1530 virtute,
2098 1469 2193 1536 qui
2250 1485 2379 1519 cum

750 1570 933 1621 neque
979 1554 1257 1616 doctrina,
1306 1571 1489 1621 neque
1535 1553 1759 1606 dicendi
1805 1552 2077 1606 facultate
2120 1552 2382 1606 instructi

752 1641 865 1693 sint
917 1641 989 1692 ad
1043 1641 1519 1703 concionandum,
1575 1649 1671 1691 aut
1725 1642 1797 1692 ad
1851 1640 2215 1709 collegiorum
2263 1659 2382 1691 mu·

753 1743 889 1780 nera
928 1727 1192 1781 obeunda
1219 1728 1347 1781 istic
1375 1733 1618 1790 cessant,
1649 1727 1740 1780 hic
1773 1727 1832 1779 in
1863 1727 2219 1781 ethnicorum
2249 1743 2382 1781 con-

751 1813 1012 1866 versione
1054 1833 1263 1882 magno
1303 1813 1427 1867 usui
1468 1812 1659 1867 futuri.
1705 1814 1833 1870 Etsi
1880 1814 2032 1866 enim
2079 1814 2202 1868 istis
2244 1813 2385 1879 locis

754 1901 965 1971 aliquid
1006 1903 1130 1971 opis
1170 1903 1425 1964 afferant,
1467 1901 1556 1953 his
1611 1910 1761 1953 certe
1803 1901 1969 1970 longe
2017 1902 2245 1953 uberior
2291 1920 2382 1953 eo-

755 2006 879 2040 rum
927 1988 1220 2042 industriae
1266 1990 1482 2041 fructus
1529 1989 1793 2041 exstabit.
1851 1990 1910 2040 Si
1963 1990 2058 2057 qui
2112 1997 2387 2057 praeterea

758 2075 1142 2128 Conimbricae
1207 2076 1522 2128 studiorum
1589 2074 1936 2127 confecerint
1990 2093 2235 2139 cursum,
2290 2093 2388 2129 eos

758 2162 867 2217 huc
920 2165 991 2217 ad
1045 2182 1149 2217 nos
1201 2164 1462 2217 eamdem
1516 2163 1588 2216 ob
1635 2181 1867 2216 causam
1915 2163 2110 2217 mittas
2162 2180 2386 2218 censeo.

758 2251 968 2318 Quaeso
995 2257 1070 2312 te,
1101 2269 1236 2302 cave
1265 2249 1613 2312 committaS,
1651 2257 1710 2302 ut
1756 2249 1867 2301 ullo
1910 2268 2062 2302 anno
2105 2250 2388 2303 sociorum

758 2336 1216 2404 supplementum
1272 2337 1676 2388 desideremus,
1734 2338 1883 2387 Nam
1938 2337 2034 2404 qui
2093 2345 2391 2389 versantur

758 2423 815 2475 in
869 2424 1075 2476 Goano
1122 2423 1376 2491 collegio,
1422 2423 1677 2476 nondum
1720 2423 1860 2475 satis
1900 2441 2052 2486 uSUS,
2095 2423 2387 2487 doctrinae,

759 2529 825 2563 ac
872 2511 1098 2563 virtutis
1148 2511 1361 2562 habent
1410 2511 1483 2562 ad
1530 2511 1963 2562 conversionem
2012 2510 2388 2563 ethnicorum.

834 2597 1088 2660 Bazaini,
1147 2596 1441 2650 Michaelis
1495 2596 1702 2660 Vasaei,
1758 2596 1892 2648 olim
1958 2596 2235 2664 generalis
2301 2598 2390 2649 In-

759 2683 866 2735 diae
919 2683 1130 2746 vicarii,
1185 2690 1384 2751 rogatu
1437 2691 1599 2734 terna
1664 2700 2030 2734 nummorum
2092 2700 2391 2735 aureorum

760 2771 934 2823 millia
979 2788 1075 2823 rex
1120 2771 1380 2823 attribuit
1434 2771 1727 2822 domicilio
1781 2772 2111 2833 extruendo,
2165 2771 2259 2821 ubi
2312 2771 2392 2821 in-

759 2857 1093 2926 digenarum
1134 2856 1576 2911 christianorum
1618 2856 1716 2909 filii
1757 2857 2090 2910 doceantur.
2130 2857 2241 2911 Hic
2274 2857 2392 2927 qui-

698 2984 705 2989 .
760 2945 890 2996 dem
945 2944 1138 3012 opinio
1191 2954 1295 3006 est,
1351 2962 1541 3012 regem
1589 2942 1735 2995 illius
1781 2944 1985 2995 domus
2033 2943 2393 2996 administra-

758 3034 974 3084 tionem
1022 3051 1200 3101 penes
1249 3034 1601 3083 Societatem
1649 3041 1906 3082 nostram
1956 3050 2080 3082 esse
2132 3032 2394 3082 voluisse.
2460 3026 2467 3034 ⁴

764 3120 912 3171 Nam
944 3137 1071 3171 cum
1118 3118 1398 3173 Michaele
1444 3125 1575 3170 octo
1622 3125 1718 3170 aut
1768 3135 1970 3170 novem
2021 3136 2049 3170 e
2091 3119 2394 3179 Societate‚
