2815 3911
670 353 852 391 LIBER
893 354 928 391 1.
951 371 1023 378 —-
1045 356 1336 394 EPISTOLA
1377 356 1438 394 ΙΙ.
1835 355 1868 407 9

741 570 1225 633 EPISTOLA
1275 573 1372 634 II.

322 798 513 860 Meis
561 798 634 857 in
693 798 985 860 Christo
1047 800 1365 859 Domino
1424 809 1675 859 nostro
1723 799 1865 859 fra-

236 897 465 961 tribus
524 896 843 957 Domino
892 897 1179 975 Ignatio
1227 905 1297 958 et
1347 898 1667 958 Domino
1728 898 1865 957 Pe-

159 997 163 1005 ‘
236 1004 343 1056 tro
377 991 715 1063 Codaci0‚
753 992 1033 1064 Romae,
1068 992 1141 1052 in
1186 1001 1383 1054 turre
1421 993 1866 1071 Merangue-

238 1094 324 1164 la,
359 1089 553 1169 apud
588 1090 990 1150 Dominum
1025 1091 1433 1151 Antonium
1470 1091 1864 1169 Frerepan.

282 1318 507 1386 Spondet
534 1317 778 1386 frequens
815 1317 1133 1370 litterarium
1172 1318 1551 1371 commercium.
1595 1319 1639 1371 C
1645 1319 1864 1370 ardina-

235 1405 296 1455 lis
365 1405 547 1454 Yureae
609 1403 668 1453 in
730 1403 1073 1454 Franciscum
1142 1409 1189 1454 et
1254 1404 1560 1455 Societatem
1634 1403 1863 1471 affectus.

233 1491 422 1559 Legati
482 1507 607 1559 erga
669 1491 901 1542 eumdem
971 1491 1164 1553 studia,
1233 1497 1281 1541 et
1350 1492 1408 1541 in
1481 1491 1583 1541 aede
1661 1492 1865 1541 Laure-

234 1583 351 1628 tana
395 1576 564 1644 pietas
614 1575 879 1644 religiosa.
944 1576 1199 1628 Bononice
1246 1582 1408 1644 gesta.

303 1732 503 1785 Gratia
561 1740 616 1785 et
677 1751 840 1784 amor
900 1732 1113 1785 Christi
1174 1732 1408 1783 Domini
1472 1732 1653 1784 nostri
1711 1731 1862 1783 adsit

233 1835 452 1888 semper
502 1819 666 1871 nobis
719 1819 926 1872 auxilio
979 1827 1034 1872 et
1087 1819 1303 1872 favore!
1366 1820 1567 1875 Amen.

245 1971 374 2109 D
404 1992 479 2026 IE
554 1983 753 2028 sancto
839 1974 1073 2028 Paschae
1138 1975 1331 2044 accepi
1399 1994 1433 2028 a
1507 1982 1565 2028 te
1640 1974 1860 2027 litteras

423 2062 670 2131 perlatas
747 2063 804 2115 in
880 2063 1031 2115 fasce
1107 2064 1179 2115 ad
1245 2062 1542 2138 dominum
1608 2061 1860 2130 legatum

234 2149 422 2214 mis80,
485 2159 540 2203 et
603 2169 733 2203 cum
796 2150 863 2203 iis
930 2158 1155 2209 tantum
1218 2150 1409 2219 gaudii
1462 2168 1529 2203 ac
1600 2150 1860 2203 consola-

231 2237 416 2301 tio'niS,
478 2247 756 2307 quantum
816 2257 929 2291 non
998 2239 1282 2308 exprimo,
1352 2240 1509 2290 Deus
1574 2239 1862 2291 Dominus

233 2332 420 2377 noster
471 2324 596 2378 scit.

302 2412 367 2462 In
420 2411 527 2464 hac
581 2413 850 2481 deinceps
889 2413 1006 2465 vita
1058 2431 1172 2464 non
1213 2413 1391 2475 aliter,
1441 2414 1629 2475 credO,
1685 2401 1860 2481 quam*

231 2512 327 2562 per
387 2497 605 2551 litteras
669 2499 1129 2566 congrediemur;
1209 2499 1266 2551 in
1330 2499 1525 2562 altera,
1581 2499 1726 2567 facie
1790 2500 1860 2552 ad

218 2581 426 2648 faciem,
475 2603 605 2637 cum
654 2585 847 2637 multis
893 2584 1264 2653 amplexibus,
1325 2586 1595 2653 Superest
1644 2584 1700 2636 in
1749 2584 1858 2637 hoc

229 2668 424 2737 exiguo
488 2671 653 2723 nobis
704 2671 920 2740 reliquo
971 2671 1103 2724 vitae
1161 2679 1437 2740 tempore,
1504 2672 1716 2724 crebris
1775 2671 1855 2723 in-

229 2753 406 2808 vicem
466 2775 570 2810 nos
628 2757 883 2825 epistolis
942 2757 1394 2825 conspiciamus:
1463 2775 1567 2825 ego
1625 2757 1854 2825 quidem

230 2849 287 2892 ut
340 2844 478 2895 mihi
533 2846 838 2906 mandatis,
888 2845 967 2896 ita
1013 2844 1237 2907 faciam,
1288 2853 1512 2897 servato
1557 2844 1857 2896 filiolarum

231 2936 382 2980 more
435 2929 760 2999 frequenter
812 2930 1113 2982 scribendi.

302 3015 407 3084 Egi
472 3036 573 3087 per
636 3018 816 3071 otium
883 3026 937 3071 et
1004 3037 1071 3070 ex
1144 3019 1320 3070 animi
1386 3018 1497 3070 mei
1573 3018 1857 3072 sententia

229 3114 353 3153 cum
443 3105 513 3157 D.
594 3105 885 3158 Cardinali
964 3107 1168 3168 Yurea,
1246 3114 1414 3173 prout
1496 3123 1562 3157 ea
1640 3107 1711 3157 de
1798 3122 1856 3155 re
