2768 3911
649 392 832 430 LIBER
873 393 1341 434 11.—EPISTOLA
1382 394 1457 432 1v.
1798 378 1868 446 85

247 523 607 595 conquiescit.
678 525 879 591 Itaque
944 525 1016 576 ob
1083 525 1266 593 ipsam
1331 525 1464 578 anni
1528 524 1863 593 temperiem

246 625 296 671 et
347 611 599 683 plerique
651 610 813 663 facile
860 611 1203 680 jejunarent,
1254 621 1309 665 et
1358 630 1557 664 omnes
1611 610 1866 681 Quadra-

244 701 468 774 gesimae
511 698 808 751 admonitu
856 698 1018 751 facile
1060 708 1323 767 parerent
1366 699 1676 752 confitendi
1714 717 1866 751 com-

247 784 678 856 municandique
736 785 969 856 legibus.
1034 786 1390 840 Postulatum
1446 794 1531 839 est
1584 784 1867 855 ejusmodi

248 875 378 943 (nisi
425 873 560 943 quid
608 881 668 927 tu
717 877 910 937 secus)
967 881 1027 927 ut
1075 876 1146 927 ad
1203 876 1308 928 Dei
1357 875 1571 928 cultum
1619 874 1866 927 maxime

243 962 516 1037 pertinere
561 960 837 1015 videatur.
889 961 1075 1029 Rogat
1123 969 1179 1014 te
1225 961 1593 1014 vehementer
1633 967 1861 1029 praetor,

244 1049 504 1122 quicquid
557 1048 614 1099 in
667 1048 775 1099 hoc
827 1067 1032 1115 genere
1084 1049 1227 1100 effici
1280 1049 1546 1117 potuerit,
1601 1066 1671 1100 ne
1724 1066 1864 1116 prae-

242 1136 584 1192 termittatur
647 1135 1030 1202 procuratoris
1096 1136 1329 1188 incuria.
1399 1138 1623 1188 Horum
1685 1135 1865 1188 omni-

244 1243 332 1278 um
375 1222 633 1274 laborum
681 1220 816 1272 illud
863 1221 967 1273 erit
1015 1221 1334 1288 praemium,
1384 1222 1536 1289 quod
1588 1220 1865 1284 omnium,

244 1311 331 1381 qui
381 1309 473 1361 hic
526 1316 676 1371 sunt,
730 1307 834 1360 tibi
885 1308 1210 1361 voluntates
1264 1307 1622 1371 conciliabis;
1677 1315 1732 1361 et
1786 1308 1866 1361 di-

242 1398 348 1451 vini
405 1396 607 1458 cultUS,
668 1396 1133 1464 meritorumque,
1189 1414 1315 1464 quae
1369 1414 1436 1447 ex
1489 1394 1645 1447 hisce
1696 1395 1865 1447 bene-

242 1483 376 1536 ficiis
427 1489 865 1550 consequentur,
924 1482 1210 1550 particeps
1263 1482 1390 1533 eris·
1451 1481 1609 1532 Vale.

311 1628 451 1688 Goa,
505 1641 605 1678 ΧῙΙ.
666 1626 787 1678 Kal.
845 1627 1072 1689 Octob.,
1126 1627 1273 1677 Anni
1332 1627 1647 1677 MDXLII.

315 1773 655 1842 Ulyssipone
700 1773 999 1824 discedens
1046 1773 1244 1840 scripsi
1293 1773 1364 1824 ad
1412 1780 1469 1824 te
1516 1773 1585 1824 de
1633 1770 1868 1840 collegio

243 1862 481 1928 quodam
531 1861 853 1922 SocietatiS,
905 1862 1057 1928 quod
1106 1860 1487 1912 Conimbricae
1537 1860 1593 1911 in
1640 1859 1866 1928 publico

242 1947 528 2014 gymnasio
585 1964 680 1999 rex
739 1947 1084 2001 constituere
1152 1949 1498 1999 decreverat.
1570 1947 1865 1999 Mandavit

243 2030 285 2082 is
329 2032 484 2095 mihi,
533 2040 593 2085 ut
640 2032 855 2101 aliquot
903 2050 932 2085 e
980 2033 1266 2085 Societate
1313 2034 1384 2085 ad
1433 2051 1558 2085 eam
1603 2051 1722 2085 rem
1765 2051 1866 2101 per

243 2118 448 2170 litteras
504 2120 872 2187 postularem,
933 2138 1208 2188 suamque
1268 2139 1436 2188 opem
1491 2139 1557 2172 ac
1611 2120 1863 2172 studium

243 2205 307 2255 ad
352 2206 471 2272 ejus
518 2205 736 2273 collegii
785 2207 954 2268 aedeS‚
1001 2208 1310 2275 dotemque
1354 2206 1657 2268 deferrem;
1706 2207 1861 2259 labo-

244 2290 342 2341 rari
394 2291 545 2344 enim
599 2292 706 2344 illis
758 2292 898 2345 locis
952 2293 1287 2346 idoneorum
1341 2293 1639 2347 hominum
1686 2311 1863 2362 penu-

244 2375 333 2437 ria,
386 2379 479 2445 qui
533 2388 697 2431 tanto
749 2388 835 2431 tot
889 2380 1142 2431 locorum
1198 2380 1493 2432 intervallo
1547 2380 1864 2448 disjunctos

244 2460 490 2515 ethnicos
560 2465 862 2533 populares
933 2483 1066 2517 suos
1135 2469 1270 2536 Jesu
1339 2466 1554 2518 Christi
1620 2466 1731 2517 fide
1797 2483 1863 2517 ac

244 2552 532 2620 praeceptis
583 2552 861 2605 imbuant.
915 2554 1003 2604 Tu
1065 2554 1252 2615 velim,
1321 2554 1456 2622 quid
1523 2571 1691 2621 super
1755 2552 1862 2604 hac

245 2650 297 2686 re
345 2645 533 2691 actum
588 2639 679 2702 sit,
735 2658 905 2708 quam
960 2641 1206 2708 primum
1266 2640 1440 2693 facias
1507 2658 1596 2692 me
1662 2641 1861 2692 certio-

247 2736 373 2774 rem.

381 2869 537 2923 Tuus
591 2871 646 2924 in
702 2870 933 2925 Christo
988 2871 1152 2935 filius,

1023 3019 1405 3071 FRANCISCUS-
1461 3019 1794 3072 XAVER'IUS.

858 3169 1152 3201 *ww
1160 3183 1243 3195 f
