2692 3907
665 396 667 398 ·
698 374 765 426 28
1131 388 1314 425 LIBER
1355 388 1392 424 1.
1414 402 1487 409 —-
1508 389 1802 428 EPISTOLA
1839 389 1895 427 v.

769 520 937 588 Quod
1005 519 1075 571 de
1143 519 1285 571 meis
1352 520 1536 583 rebus,
1606 537 1673 573 ac
1728 521 2018 590 praesertim
2084 521 2144 573 de
2211 537 2332 573 meae

693 606 810 658 vitae
861 606 1115 669 institute,
1169 625 1286 674 prae
1333 613 1390 659 te
1443 606 1553 659 fers
1599 606 1738 659 velle
1791 626 2151 676 cognoscere,
2198 626 2330 676 gau-

692 695 883 746 derem
942 694 1205 762 equidem
1266 695 1450 746 offerri
1509 695 1673 747 nobis
1726 696 2085 748 occasionem
2149 696 2364 748 mutui‘

692 799 1048 848 congressus.
1136 782 1323 832 Nemo
1394 781 1544 832 enirn
1618 800 1709 833 me
1780 781 2032 850 paratior
2102 790 2188 834 est
2259 782 2329 833 ad

694 868 885 920 omnia
943 886 1069 936 quae
1128 868 1184 919 in
1237 868 1346 920 hoc
1407 886 1612 936 genere
1665 869 1808 921 scire
1869 886 2001 921 aves
2053 869 2157 921 tibi
2218 870 2330 938 ple-

693 953 926 1006 nissime
997 954 1493 1006 communicanda.
1579 956 1701 1007 Nec
1772 956 2011 1023 despero
2082 955 2199 1008 fore
2271 964 2332 1009 ut

698 1042 853 1091 Deus
914 1040 1053 1091 mihi
1117 1042 1401 1099 Dominus
1454 1050 1665 1105 noster,
1731 1043 1878 1093 inter
1940 1042 2150 1093 multas
2212 1038 2368 1110 qui-¹

692 1126 798 1177 bus
853 1143 944 1177 me
1006 1126 1197 1178 divina
1254 1127 1375 1194 ejus
1439 1127 1710 1195 majestas
1768 1127 2176 1195 benignissime
2238 1144 2331 1180 cu-

694 1210 871 1264 mulat
937 1211 1192 1279 quotidie
1255 1211 1484 1280 gratiaS,
1552 1211 1698 1265 hanc
1766 1230 1991 1280 quoque
2056 1212 2331 1280 adjungat

691 1297 977 1361 eximiam,
1055 1299 1283 1351 videndi
1358 1299 1533 1351 semel
1604 1300 1661 1350 in
1732 1299 1840 1351 hac
1916 1299 2034 1352 vita
2105 1308 2161 1352 et
2231 1318 2332 1368 per

691 1384 871 1438 otium
925 1384 1249 1453 alloquendi
1302 1392 1377 1449 te,
1432 1385 1764 1454 priusquam
1813 1402 1942 1440 cum
1998 1402 2127 1440 meo
2175 1378 2331 1440 socio

693 1468 750 1521 in
807 1469 1000 1521 Indias
1054 1469 1359 1522 solvamus.
1426 1471 1589 1523 Tunc
1643 1491 1779 1523 sane
1831 1470 2021 1524 licebit
2076 1470 2333 1539 plenissi-

695 1576 848 1608 mam
918 1577 985 1609 ex
1051 1577 1141 1609 me
1207 1577 1399 1610 coram
1468 1560 1663 1611 audire
1728 1560 2009 1611 rationem
2075 1560 2330 1611 omnium

693 1663 908 1708 eorum,
977 1646 1046 1698 de
1108 1646 1313 1714 quibus
1367 1665 1468 1714 per
1525 1654 1654 1699 tuas
1711 1647 1929 1699 litteras
1987 1647 2331 1715 interrogas:

692 1738 812 1784 tam
876 1731 1055 1784 multa
1123 1732 1274 1784 enim
1342 1732 1435 1785 illa
1503 1741 1652 1796 sunt,
1720 1742 1781 1786 ut
1845 1734 2033 1803 scripto
2094 1734 2154 1786 id
2207 1734 2335 1802 fieri

691 1819 949 1871 commode
1005 1825 1236 1886 nequeat.
1312 1820 1399 1872 Ad
1461 1819 1515 1872 id
1571 1821 1724 1887 quod
1786 1819 2025 1887 epistola
2076 1827 2176 1873 tua
2237 1821 2332 1873 ad-

685 1905 902 1973 jungit:
956 1906 1124 1958 multa
1167 1912 1265 1975 pro
1317 1906 1584 1958 homiuum
1638 1907 1997 1959 cousuetudine
2051 1907 2111 1959 de
2161 1914 2333 1959 nostro

690 1993 927 2042 instituto
984 1993 1119 2054 dici;
1194 1992 1302 2043 hoc
1366 2001 1592 2044 tantum
1658 1994 1714 2043 in
1773 2013 2026 2062 praesens
2089 2013 2332 2063 repono:

681 2084 873 2148 parum
927 2080 1098 2148 refert,
1147 2081 1321 2132 doctor
1365 2082 1583 2149 egregie,
1633 2082 1697 2133 ab
1742 2082 2037 2135 homiuibus
2066 2082 2325 2150 judicari,

681 2164 968 2234 praesertim
1028 2166 1093 2217 ab
1150 2166 1218 2217 iis
1270 2166 1361 2234 qui
1403 2167 1555 2235 prius
1602 2166 1866 2236 judicant,
1925 2187 2078 2236 quam
2138 2167 2333 2220 iutelli-

686 2260 835 2322 gant.

765 2340 877 2409 Qui
930 2341 1033 2393 has
1094 2341 1197 2394 tibi
1251 2359 1283 2394 a
1344 2359 1433 2394 me
1488 2343 1686 2395 reddet
1746 2342 1971 2395 Blasius
2026 2343 2220 2410 Lopez
2277 2342 2334 2394 in

689 2426 1010 2478 clientelam
1066 2435 1238 2495 atque
1293 2428 1349 2478 in
1405 2428 1762 2495 disciplinam
1820 2428 2121 2480 transcribi
2174 2436 2333 2480 tuam

689 2521 973 2582 peroptat.
1049 2515 1222 2567 Hunc
1275 2532 1380 2582 ego
1437 2533 1569 2567 amo
1632 2515 1941 2583 plurimum
1999 2515 2110 2567 mei
2171 2515 2334 2568 vicis-

690 2599 797 2651 sim
856 2610 1175 2662 amantem;
1237 2609 1291 2653 et
1355 2620 1458 2668 pro
1517 2621 1583 2653 ea
1644 2601 2067 2654 necessitudine
2129 2609 2186 2654 te
2250 2621 2334 2654 ro-

690 2705 779 2756 gO,
843 2696 922 2751 ut,
987 2688 1034 2741 si
1091 2694 1258 2757 preces
1322 2707 1445 2741 meae
1502 2690 1640 2759 apud
1699 2695 1741 2742 te
1799 2690 2070 2759 quidpiam
2124 2695 2338 2759 possunt

694 2762 934 2842 (possunt
1001 2782 1169 2827 autem
1245 2777 1466 2827 multum
1528 2782 1623 2844 per
1687 2783 1831 2827 tuam
1895 2777 2334 2839 humanitatem),

689 2860 937 2929 excipias
984 2861 1245 2930 benigne,
1302 2880 1392 2913 me
1442 2863 1704 2914 tradente
1757 2880 1823 2914 ac
1870 2864 2334 2927 commendante,

688 2948 967 3015 prolixum
1023 2949 1174 3001 istud
1235 2949 1357 3016 ejus
1410 2967 1541 3017 erga
1599 2957 1655 3002 te
1710 2950 1983 3012 studium,
2050 2951 2202 3018 quod
2257 2950 2335 3003 of-

688 3033 821 3095 fert;
878 3035 1155 3103 majorem
1210 3035 1266 3086 in
1321 3036 1556 3087 modum
1614 3036 1867 3104 cupiens,
1924 3045 1978 3088 et
2032 3045 2094 3090 ut
2147 3045 2335 3106 patro-

691 3139 765 3174 no
822 3122 925 3175 tibi
993 3122 1249 3191 obsequi,
1321 3130 1375 3175 et
1437 3131 1495 3175 ut
1557 3123 1830 3188 magistro
1891 3124 2024 3176 dare
2084 3142 2335 3192 operam.
