2692 3907
798 363 863 399 10
1224 363 1407 401 LIBER
1448 362 1485 401 Ι.
1508 379 1581 385 —
1602 363 1894 402 EPISTOLA
1937 363 1998 401 ΙΙ.

795 492 1071 558 scriptum
1128 492 1265 543 mihi
1321 494 1656 545 mandatum
1717 495 1973 544 dederas,
2044 493 2285 561 Excepit
2346 512 2436 544 me

795 579 1226 642 humanissime,
1282 581 1523 633 offerens
1569 581 1922 650 perofficiose
1976 581 2225 633 favorem
2269 581 2438 632 ‘nobis

795 684 960 718 suum
1027 666 1083 717 in
1152 668 1417 719 omnibus
1483 686 1609 734 quae
1679 685 1795 720 suae
1863 667 2166 734 potestatis
2234 666 2436 720 forent.

797 752 994 803 Bonus
1048 771 1236 815 senex,
1297 772 1425 805 cum
1479 753 1550 805 ab
1609 772 1675 806 eo
1729 753 2099 816 discederem,
2154 752 2436 821 amplexa-

793 849 886 892 tus
938 849 1023 892 est
1079 860 1169 893 me
1235 842 1588 894 osculantem
1655 861 1859 894 manus
1911 842 2051 910 ejus,
2121 843 2196 893 In·
2246 841 2436 893 medio

795 929 916 995 ejus
971 946 1139 995 quem
1195 946 1324 979 cum
1381 929 1475 980 illo
1528 929 1697 980 habui
1753 929 2048 991 sermonis,
2108 928 2290 996 abjeci
2344 946 2434 980 me
2509 922 2511 924 ’

795 1014 852 1064 in
917 1031 1120 1080 genua,
1188 1021 1242 1066 et
1309 1014 1539 1067 nomine
1603 1015 1781 1067 totius
1848 1015 2152 1067 Societatis
2218 1014 2433 1066 oscula-

795 1108 888 1150 tus
943 1099 992 1150 ei
1046 1118 1172 1150 sum
1227 1119 1447 1151 manus.
1517 1103 1809 1170 Quantum
1864 1120 1930 1152 ex
1988 1101 2056 1152 iis
2109 1085 2235 1169 quae
2294 1099 2433 1151 mihi

796 1187 1090 1254 respondit
1145 1186 1415 1253 intelligO,
1472 1187 1714 1239 multum
1769 1187 1859 1239 ille
1912 1187 2114 1254 probat
2175 1193 2432 1239 nostrum

796 1271 1142 1337 procedendi
1200 1272 1455 1323 modum.
2395 1333 2398 1336 ,

873 1358 1157 1409 Dominus
1240 1358 1460 1427 legatus
1540 1378 1630 1410 me
1712 1368 1797 1410 tot
1841 1359 2077 1410 rofficiis
2164 1360 2433 1421 cumulat,

797 1452 857 1496 ut
917 1461 1209 1512 nunquam
1264 1445 1393 1496 finis
1439 1445 1529 1507 sit,
1586 1445 1629 1497 si
1686 1462 2017 1497 enumerare
2070 1444 2266 1506 velim;
2332 1461 2435 1496 nec

797 1530 914 1580 scio
969 1531 1259 1598 quomodo
1315 1531 1582 1581 inducere
1636 1549 1863 1599 possem
1919 1531 1974 1581 in
2033 1531 2286 1581 animum
2344 1530 2436 1581 illa

797 1618 1120 1677 admittere,
1189 1617 1296 1669 nisi
1362 1618 1690 1685 cogitarem,
1767 1627 1821 1670 et
1888 1617 2047 1685 quasi
2113 1635 2215 1685 pro
2280 1624 2435 1670 certo

797 1703 1085 1765 haberem,
1154 1702 1292 1755 mihi
1353 1703 1462 1757 ista
1527 1705 1677 1772 apud
1741 1705 1916 1756 Indos
1981 1703 2158 1756 nihilo
2218 1703 2434 1757 minore

796 1791 980 1859 pretio
1043 1809 1214 1859 quam
1274 1790 1391 1842 vita
1449 1791 1572 1859 ipsa
1631 1791 2013 1859 rependenda.
2096 1792 2161 1842 In
2220 1791 2436 1860 templo

800 1877 1064 1930 Dominae
1131 1886 1340 1930 nostrae
1410 1878 1659 1941 Laureti‚
1733 1878 2020 1930 dominica
2090 1878 2433 1942 Palmarum,

797 1966 991 2033 excepi
1047 1966 1168 2033 ejus
1228 1965 1664 2028 confessionem,
1722 1973 1776 2018 et
1837 1966 1886 2017 ei
1941 1982 2161 2017 sacram
2214 1966 2434 2018 Eucha-

798 2051 1016 2103 ristiam
1096 2050 1430 2103 ministravi.
1528 2052 1686 2103 Idem
1765 2051 2005 2118 praestiti
2093 2052 2285 2104 multis
2371 2071 2437 2104 ex

799 2139 921 2207 ejus
990 2139 1181 2189 dom0.
1266 2138 1400 2190 Feci
1469 2156 1693 2210 sacrum
1766 2139 1822 2190 in
1892 2138 2098 2191 sacello
2171 2140 2436 2193 Dominae

799 2233 1028 2287 nostrae,
1085 2233 1139 2278 et
1180 2226 1363 2278 bonus
1404 2225 1622 2294 legatus
1675 2225 1807 2294 egit,
1862 2233 1921 2279 ut
1975 2245 2165 2279 secum
2216 2245 2435 2278 sacram

799 2315 1263 2366 communionem
1323 2315 1696 2384 perciperent,
1757 2315 1906 2366 intra
1961 2324 2218 2366 sanctam
2284 2315 2435 2366 illam

801 2404 1001 2464 aedem,
1045 2418 1244 2453 omnes
1285 2402 1370 2453 sui
1412 2402 1732 2453 domestici.
1778 2403 2002 2464 Postea,
2046 2402 2137 2453 die
2181 2402 2433 2463 Paschae,

800 2488 848 2540 ei
917 2488 1121 2540 iterum
1188 2487 1483 2539 confitenti
1550 2487 1988 2550 absolutionem,
2057 2497 2111 2541 et
2178 2488 2438 2541 confesso

803 2576 1016 2628 Christi
1084 2594 1288 2644 corpus
1348 2576 1615 2644 impertii,
1684 2577 1934 2645 itemque
2000 2577 2123 2628 aliis
2186 2595 2252 2629 ex
2321 2577 2442 2645 ejus

801 2663 1015 2714 familia
1079 2663 1272 2730 probis
1337 2662 1471 2713 viris
1538 2670 1591 2713 et
1652 2662 1905 2729 religioni
1972 2662 2198 2715 deditiS.

878 2750 1156 2801 Sacerdos
1211 2748 1503 2801 familiaris
1565 2749 1781 2801 domini
1840 2748 2009 2817 legati
2076 2748 2317 2801 multum
2384 2766 2442 2800 se

801 2837 928 2888 istic
970 2831 1336 2888 commendat
1379 2838 1732 2888 orationibus
1772 2848 2023 2888 vestrum
2066 2837 2351 2888 omnium:
2396 2837 2442 2886 is

804 2926 941 2977 mihi
996 2914 1303 2994 spopondit
1359 2944 1417 2977 se
1472 2927 1682 2978 iturum
1738 2927 2038 2978 nobiscum
2106 2927 2162 2977 in
2227 2926 2439 2977 IndiaS.

879 3015 994 3065 Fac
1067 3013 1277 3065 salutes
1336 3031 1368 3065 a
1422 3031 1512 3065 me
1572 3013 1867 3065 dominam
1926 3012 2263 3065 Faustinam
2331 3013 2440 3086 An-

805 3102 1067 3163 colinam,
1143 3111 1197 3153 et
1274 3101 1431 3152 dicas
1499 3101 1592 3162 illi,
1667 3101 1772 3152 nisi
1839 3119 2006 3168 grave
2073 3110 2176 3162 est,
2243 3099 2442 3152 fecisse
2514 3087 2517 3091 ι
