2815 3911
714 386 897 427 LIBER
938 388 974 427 Ι.
997 404 1069 412 ·—
1090 389 1383 431 EPISTOLA
1421 392 1474 430 V.
1843 390 1911 444 27

784 605 1266 667 EPISTOLA
1336 600 1406 667 V

497 834 797 895 Doctori
848 836 1171 897 Martino
1219 837 1697 915 Azpilcuetae.

352 1064 637 1115 Gratitudo
701 1059 928 1116 Xaverii
991 1084 1115 1135 erga
1181 1067 1563 1135 Azpilcuetam‚
1630 1073 1678 1119 et
1741 1067 1916 1118 mutui

278 1168 570 1218 congressus
629 1151 959 1202 desiderium.
1033 1154 1281 1204 Blasium
1340 1155 1512 1222 Lopez
1572 1154 1912 1214 commendat,

277 1240 323 1288 et
371 1235 648 1288 Doctorem
701 1236 861 1305 officii
908 1237 992 1290 sui
1041 1238 1446 1308 commonefacit.

352 1390 598 1444 Multum
655 1393 987 1445 Reverende
1044 1393 1309 1457 Domine,

290 1544 460 1682 EX
512 1566 624 1616 quo
678 1547 734 1596 in
788 1547 894 1598 hac
942 1549 1172 1599 civitate
1226 1569 1371 1613 sum,
1425 1550 1590 1600 binas
1637 1570 1669 1600 a
1721 1559 1780 1600 te
1825 1549 1913 1599 lit-

451 1642 604 1687 teras
656 1634 849 1703 accepi
902 1631 1097 1688 amoris
1148 1642 1195 1688 et
1236 1637 1449 1706 pietatis
1500 1654 1623 1706 erga
1682 1654 1761 1689 me
1803 1637 1913 1706 ple-

274 1740 384 1772 nas.
476 1721 740 1773 Christus
820 1722 1102 1773 Dominus
1181 1731 1392 1785 noster,
1473 1723 1636 1791 cujus
1719 1741 1914 1774 amore

277 1815 463 1861 motus
517 1825 577 1861 es
644 1810 714 1861 ad
783 1809 921 1860 mihi
986 1809 1368 1872 scribendum,
1437 1827 1661 1878 aequam
1732 1817 1914 1861 tantae

275 1893 365 1946 isti
418 1894 640 1948 caritati
695 1902 750 1947 et
802 1894 1062 1962 benignae
1116 1895 1172 1947 in
1227 1913 1317 1947 me
1370 1895 1651 1948 voluntati
1699 1912 1912 1947 merce-

275 1982 400 2032 dem
465 1983 665 2033 reddat
682 2001 694 2042 3
760 1983 990 2049 quando
1061 1999 1184 2048 ego,
1246 1981 1333 2031 vel
1396 1981 1442 2031 si
1508 1981 1754 2048 cupiam,
1818 1999 1912 2031 ne-

273 2084 417 2134 queo
469 2067 756 2119 exsolvere
812 2084 902 2118 me
949 2066 1063 2135 ‚hoc
1116 2066 1327 2128 debite,
1399 2084 1504 2118 nec
1559 2066 1698 2119 satis
1749 2065 1913 2118 vicis-

273 2153 376 2205 sim
432 2155 775 2223 respondere
828 2154 1048 2206 eximiae
1096 2162 1209 2206 tuae
1264 2153 1320 2204 in
1374 2172 1465 2204 me
1513 2153 1912 2204 immerentem

273 2247 325 2293 et
397 2240 625 2309 inopem
699 2240 1140 2294 benevolentiae:
1214 2257 1387 2308 quare
1466 2256 1783 2307 agnoscens
1857 2247 1912 2292 et

273 2329 550 2381 confitens
618 2328 971 2380 debilitatem
1038 2327 1094 2378 in
1161 2326 1268 2378 hac
1332 2335 1494 2395 parte
1561 2346 1769 2387 meam,
1846 2344 1913 2377 ac

264 2421 355 2484 per
410 2419 519 2468 Dei
575 2419 916 2480 clementiam,
981 2419 1141 2486 cujus
1204 2418 1484 2485 singulare
1547 2418 1761 2466 donum
1826 2425 1911 2466 est

273 2502 519 2571 seipsum
575 2521 760 2567 nosse,
816 2504 1134 2573 intelligens
1191 2521 1345 2573 quam
1407 2503 1615 2556 ‘inutilis
1675 2504 1745 2556 ad
1806 2520 1911 2555 om-

270 2590 360 2642 nia
418 2592 537 2654 sim,
607 2600 736 2659 post
800 2591 1046 2659 aliquem
1114 2590 1223 2643 mei
1288 2591 1476 2659 quoad
1529 2608 1757 2658 possem
1822 2608 1912 2642 ex-

271 2675 458 2741 plendi
527 2678 692 2730 officii
778 2686 1067 2739 conatum,
1138 2678 1316 2729 studui
1384 2683 1519 2746 spem
1591 2696 1792 2728 omnem
1866 2683 1915 2728 et

259 2761 514 2826 fiduciam
575 2784 740 2816 meam
792 2765 849 2816 in
913 2766 1025 2816 Deo
1074 2770 1274 2832 ponere,
1339 2764 1514 2815 videns
1566 2781 1644 2814 me
1712 2763 1914 2814 nemini

261 2852 399 2916 posse
451 2870 648 2922 aequm-n
698 2852 933 2920 gratiam
986 2851 1205 2920 referre.-
1258 2856 1303 2901 et
1352 2849 1441 2900 hoc
1495 2868 1572 2900 me
1615 2848 1912 2918 plurimzmz

268 2935 479 3000 solatur,
543 2939 678 3007 quod
735 2944 912 3007 potens
973 2944 1042 2989 est
1105 2923 1260 2989 Deus
1311 2942 1497 2989 sanctce
1558 2937 1750 2989 animae
1814 2942 1912 2987 tuce

268 3027 311 3072 et
389 3025 650 3078 similibus
730 3025 1119 3079 retributionem·
1203 3024 1580 3095 amplissiwmm
1653 3029 1750 3093 pro
1834 3043 1910 3075 me

269 3109 406 3165 dare.
