2692 3907
778 348 884 420 234
950 367 1134 404 LIBER
1175 366 1530 405 111.—-VITAE
1571 368 1950 405 CHRISTIANAE
1991 366 2295 405 FORMULA.

774 507 832 552 et
906 499 987 551 sic
1060 498 1201 550 liber
1273 516 1369 551 ero
1434 517 1466 551 a
1530 506 1816 567 potestate
1890 496 2124 560 inimici,
2191 505 2245 550 et
2312 499 2398 553 ibo

774 584 1047 636 fruiturus
1100 585 1156 635 in
1211 593 1485 637 aeternum
1540 586 1716 655 gloria
1768 584 2034 654 paradisi.
2103 585 2304 637 Amen.

825 744 1062 796 ORATIO
1108 759 1184 795 AD
1235 758 1670 796 SANCTISSIMAM
1722 745 2017 796 DOMINAM
2061 759 2355 794 NOSTRAM.

978 904 1246 966 Domina,
1292 912 1489 957 sancta
1535 905 1732 967 Maria,
1779 922 1908 971 spes
1951 903 2403 967 christianorum,

975 998 1030 1042 et
1123 991 1342 1058 Regina
1420 991 1748 1060 angelorum
1823 999 2264 1059 sanctorumque
2344 1010 2405 1044 ac

107 1146 110 1150 .
778 1085 1106 1128 sanctarum
1174 1079 1269 1147 qui
1334 1096 1465 1131 cum
1534 1081 1657 1132 Deo
1723 1088 1853 1133 sunt
1909 1079 1965 1132 in
2031 1078 2221 1140 coelis;
2288 1078 2403 1142 tibi,

106 1192 160 1213 ⁴·
226 1182 231 1187 ‘
781 1164 1051 1226 Domina,
1134 1171 1189 1218 et
1270 1164 1535 1218 Omnibus
1615 1164 1827 1218 sanctis
1902 1184 1991 1217 me
2071 1163 2406 1217 commendo

773 1249 896 1318 jam
960 1270 1111 1303 nunc
1172 1272 1274 1321 pro
1336 1252 1476 1305 hora
1538 1254 1737 1306 mortis
1795 1272 1955 1316 meae,
2011 1262 2070 1305 ut
2126 1270 2216 1304 me
2268 1269 2402 1319 prae-

783 1353 971 1389 serves
1023 1355 1055 1390 a
1110 1340 1342 1402 mundO‚
1407 1357 1575 1392 carne
1637 1347 1691 1393 et
1755 1338 2058 1402 daemoniO‚
2124 1337 2220 1407 qui
2279 1345 2405 1392 sunt

107 1491 110 1502 ι
784 1423 995 1477 inimici
1064 1425 1192 1489 mei,
1261 1426 1596 1480 insidiantes
1670 1428 1875 1481 animae
1952 1447 2111 1490 meae,
2193 1425 2407 1495 perdite

15 1523 35 1574 {³
69 1531 73 1581 ᾖ
782 1520 1048 1581 optantes
1123 1533 1189 1566 ac
1264 1516 1420 1567 omni
1492 1517 1709 1568 ratione
1775 1523 2099 1585 satagentes
2163 1531 2290 1568 eam
2354 1513 2406 1566 in

16 1604 48 1648 i.
87 1614 165 1687 ῑί
781 1598 1064 1653 infernum
1131 1602 1447 1655 detrudere.
1516 1603 1683 1671 Quod
1748 1611 1828 1665 tu,
1892 1604 2076 1655 Mater
2130 1599 2405 1666 benignis-

782 1685 942 1749 sima,
1000 1706 1099 1740 oro
1152 1697 1323 1757 atque
1377 1691 1630 1753 obsecrO,
1685 1690 1940 1759 prohibe.
2010 1691 2211 1741 Amen.

891 1848 1130 1902 ORATIO
1170 1864 1246 1901 AD
1290 1850 1346 1902 S.
1399 1850 1777 1903 MICHAELEM
1823 1863 2300 1902 ARCHANGELUM.

979 2009 1055 2060 mi
1130 2009 1346 2077 optime
1413 2011 1676 2072 Patrone,
1744 2018 1940 2061 sancte
2009 2008 2253 2062 Michael
2326 2024 2405 2058 ar-

983 2095 1272 2164 changele,
1328 2096 1567 2149 defende
1631 2115 1720 2149 me
1774 2116 1806 2149 a
1859 2095 2145 2149 daemonio
2203 2095 2260 2147 in
2313 2093 2407 2146 ho-

781 2201 843 2235 ra
921 2183 1120 2235 mortis
1199 2202 1359 2246 meae,
1439 2185 1668 2252 quando
1746 2184 1910 2235 stabo
1993 2184 2065 2235 ad
2148 2180 2408 2242 tribunal,

780 2270 1024 2322 reddens
1086 2270 1385 2333 rationem,
1452 2272 1577 2322 Deo
1632 2271 1900 2334 Domino,
1951 2270 2226 2322 universae
2284 2267 2422 2334 vitae

765 2375 943 2409 =meae.
1012 2359 1212 2409 Amen.

991 2519 1227 2570 ORATIO
1267 2535 1344 2570 AD
1389 2521 1445 2571 S.
1490 2522 1798 2572 ANGELUM
1843 2521 2206 2572 CUSTODEM.

796 2675 1063 2812 POST
1115 2687 1448 2731 consuetam
1504 2679 1656 2731 illam
1710 2679 2011 2731 formulam
2060 2655 2260 2746 Angele
2311 2673 2414 2727 Dei

959 2767 1050 2833 qui
1100 2774 1263 2818 custos
1314 2787 1362 2819 es
1414 2770 1534 2829 mei,
1591 2777 1697 2819 ete.
1753 2769 1954 2818 addet:

857 2853 1112 2905 Obsecro
1185 2862 1259 2916 te,
1336 2855 1533 2923 angele
1609 2861 1804 2907 sancte
1876 2857 1942 2905 ac
2007 2854 2191 2915 beate,
2258 2850 2414 2918 eujus

782 2956 931 2993 curae
1009 2958 1075 2993 ac
1152 2940 1525 3008 providentiae
1610 2941 2048 2994 commendatus
2133 2958 2277 3000 sum,
2356 2942 2412 2986 ut

784 3026 923 3078 mihi
1007 3046 1233 3096 semper
1310 3047 1563 3097 praesens
1643 3028 1797 3081 adsis
1878 3029 1950 3080 ad
2032 3034 2413 3096 opportunum

777 3114 1071 3166 auxilium.
1152 3114 1343 3172 Perfer
1415 3133 1612 3185 preces
1687 3133 1844 3172 meas
1919 3115 1974 3166 in
2047 3118 2412 3185 conspectum

1067 3254 1087 3273 0
