2645 3907
665 450 765 501 150
1036 445 1215 481 LIBER
1260 443 1320 479 II.
1344 458 1415 462 —·
1439 438 1730 477 EPISTOLA
1771 436 1919 474 XXIV.

1073 648 1288 706 EPJS
1300 645 1550 704 TOLA
1636 643 1739 702 ΧᾸ
1757 641 1894 701 'JV

1343 871 1625 931 Eidem.

746 1109 990 1177 Princeps
1056 1107 1207 1158 Tales
1268 1106 1573 1157 christianos
1643 1111 1826 1165 tuetur,
1881 1104 2081 1172 ejusque
2164 1102 2299 1167 lega-

672 1202 750 1248 tus
812 1194 1216 1247 commendatur.
1280 1194 1362 1244 De
1408 1193 1618 1261 famulo
1677 1192 1813 1260 regis
1869 1189 2219 1242 Travancoris
2271 1207 2302 1240 a

673 1280 947 1334 Lusitanis
993 1285 1170 1348 capim
1224 1280 1283 1332 de
1320 1279 1559 1348 praefecto
1605 1279 1669 1330 ab
1716 1277 1988 1347 offensione
2034 1276 2182 1328 illius
2227 1293 2301 1326 re-

668 1369 753 1436 gis
814 1366 1156 1418 absterrendo,
1225 1366 1457 1417 Litteras
1513 1364 1607 1416 hac
1666 1364 1724 1415 de
1783 1383 1835 1415 re
1885 1363 2014 1432 petit
2070 1368 2303 1414 accurate

672 1452 905 1520 scriptas,
958 1451 1045 1501 sed
1095 1458 1256 1500 caute.
1815 1457 1817 1460 '

749 1574 1099 1626 Charissime
1155 1575 1212 1625 in
1269 1574 1499 1626 Christo
1554 1574 1742 1635 frater,

829 1715 1137 1753 RINCEPS
1208 1701 1301 1768 qui
1372 1700 1511 1752 Tale
1583 1700 1755 1768 degit,
1824 1708 2098 1769 cognatus
2162 1700 2306 1767 regis

690 1830 694 1834 .
853 1790 1249 1851 TravancoriS,
1305 1797 1424 1841 tam
1478 1789 1696 1840 amicus
1744 1789 1908 1840 nobis
1954 1797 2056 1851 est,
2107 1798 2166 1841 ut
2215 1789 2306 1840 ubi

673 1875 921 1943 primum
1010 1875 1224 1927 audivit
1304 1876 1587 1943 adigarum
1664 1875 1897 1943 injurias
1964 1876 2021 1925 in
2088 1875 2305 1925 christi-

667 1979 807 2016 anos
880 1961 1118 2016 istarum
1185 1961 1451 2031 partium,
1519 1960 1718 2015 statim
1789 1961 1953 2025 istuC,
2020 1961 2141 2014 vice
2207 1978 2307 2013 sua

674 2049 891 2102 miserit
958 2066 1132 2102 unum
1190 2067 1219 2101 e
1276 2049 1391 2101 suis
1457 2048 1845 2112 familiaribUS,
1913 2067 2042 2101 cum
2107 2049 2309 2101 litteris

675 2136 747 2188 ad
811 2136 1070 2205 adigareS,
1152 2135 1356 2204 quibus
1420 2135 1501 2189 eis
1559 2135 1835 2204 praecipit,
1896 2143 1955 2189 ut
2024 2153 2309 2189 annonam

682 2231 737 2274 et
791 2231 999 2274 caetera
1052 2223 1374 2275 necessaria
1426 2223 1710 2290 exportari
1763 2222 1935 2275 libere
1989 2223 2045 2274 in
2092 2242 2187 2275 eas
2233 2223 2311 2274 in—

681 2310 832 2361 sulas
884 2328 913 2360 e
967 2310 1297 2361 continente
1361 2309 1627 2371 sinerent,
1693 2309 1961 2377 omnique
2023 2309 2133 2362 alio
2201 2328 2312 2378 quo

683 2397 825 2449 foret
871 2415 1014 2465 opus
1059 2396 1463 2449 benevolorum
1518 2396 1829 2449 officiorum
1883 2415 2089 2465 genere
2141 2397 2337 2455 chris-A

678 2484 852 2538 tianis
920 2484 1047 2538 istic
1130 2484 1449 2538 viventibus
1515 2484 1785 2536 faverent.
1878 2485 2173 2537 Mandavit
2240 2485 2310 2536 ei-

682 2573 832 2633 dem,
896 2580 955 2623 ut
1034 2590 1100 2623 ex
1159 2572 1483 2623 christianis
1551 2572 1818 2623 resciscat
1880 2574 2163 2641 adigarum
2216 2591 2311 2622 no-

680 2659 851 2722 mina,
919 2677 1098 2728 eaque
1167 2669 1288 2711 tum
1358 2658 1494 2711 mihi
1562 2659 1963 2722 communicet,
2030 2667 2151 2712 tum
2207 2659 2310 2728 ipsi

681 2747 903 2799 rediens
967 2748 1281 2816 perscripta
1345 2746 1567 2809 referat,
1634 2756 1692 2800 ut
1753 2748 1796 2800 si
1850 2748 1899 2801 ei
1954 2748 2179 2802 occasio
2233 2749 2310 2800 in-

678 2836 876 2887 ciderit
958 2837 1204 2887 adeundi
1286 2837 1450 2904 regis,
1536 2837 1701 2887 edere
1784 2836 1888 2904 ipsi
1973 2836 2311 2889 nominatim

679 2931 848 2989 queat
922 2923 1154 2990 quinam
1229 2923 1265 2973 ii
1333 2923 1444 2973 sint
1512 2923 1606 2990 qui
1674 2931 1960 2989 potestate
2033 2922 2311 2974 auctorati

682 3008 982 3076 adigmmn,
1062 3009 1114 3060 vi
1190 3008 1556 3076 magistratus
1634 3009 1755 3076 ejus
1832 3010 1901 3060 ad
1975 3009 2314 3061 christianos

681 3095 970 3147 vexandos
1023 3095 1133 3148 sint
1188 3094 1376 3147 abusi:
1433 3113 1545 3163 quo
1592 3113 1689 3147 eos
1736 3113 1830 3147 rex
1883 3095 2164 3156 videlicet,
2213 3111 2313 3163 pro

683 3202 785 3238 suo
839 3184 892 3236 in
949 3203 1050 3237 nos
1105 3184 1312 3244 favore,
1369 3193 1624 3238 coerceat
1682 3184 1737 3238 in
1792 3191 2104 3252 posterum.
