2815 3911
603 356 786 400 LIBER
828 358 864 394 Ι.
886 373 958 378 —
980 358 1270 397 EPISTOLA
1311 357 1397 396 111.
1755 356 1819 409 15

191 496 508 560 frequenter
585 486 888 550 inferebat,
968 488 1133 555 plane
1211 489 1290 541 ita
1368 487 1515 550 fieri,
1590 495 1652 539 ut
1726 485 1822 554 qui

191 599 284 653 per
339 575 518 629 vitam
574 575 645 626 de
705 593 764 626 se
823 575 895 627 ad
943 565 1197 628 ¹mortem
1257 574 1648 643 comparando
1708 592 1823 624 non

191 666 477 735 cogitaret,
544 663 592 714 ei
661 663 862 715 mortis
926 663 1265 715 necessitate
1325 663 1642 729 ingruente,
1715 660 1822 712 Dei

193 749 511 808 meminisse
590 767 704 801 non
781 756 1065 801 vacaret.·
1116 749 1207 801 Hi·
1272 757 1433 801 erant
1504 748 1641 800 boni
1719 747 1822 799 viri

191 855 493 898 sermones,
549 854 663 886 non
717 834 906 886 hausti
960 855 1026 886 ex
1077 836 1339 897 lectione,
1401 835 1680 897 doctrina,
1735 835 1823 886 vel

192 923 557 979 meditatione
610 922 811 984 studii,
866 924 965 974 sed
1019 922 1261 991 propriae
1316 939 1484 974 sensu
1531 922 1822 991 experien-

192 1013 279 1066 tiae
344 1007 561 1062 dictati.

263 1098 391 1149 Non
465 1111 687 1164 parum,
764 1093 887 1147 haec
953 1102 1241 1164 reputanS,
1309 1112 1678 1148 commoveor
1743 1094 1823 1147 in-

193 1184 338 1239 curia
391 1181 560 1234 simili
615 1181 925 1234 multorum
977 1182 1108 1235 vitae
1175 1201 1277 1235 usu
1344 1183 1509 1235 nobis
1575 1191 1631 1236 et
1684 1182 1823 1235 ami-

193 1272 318 1325 citia
367 1269 521 1321 varie
575 1276 860 1332 notorum,
922 1287 1064 1338 quos
1118 1270 1339 1322 differre
1392 1270 1605 1338 pariter
1656 1271 1824 1323 video

193 1357 576 1414 executionem
643 1357 922 1411 bonarum
979 1357 1412 1426 cogitationum,
1468 1365 1822 1412 sanctorum-

194 1464 293 1513 que
352 1443 765 1495 desideriorum
827 1444 952 1494 Deo
1011 1443 1292 1494 serviendi
1352 1443 1557 1513 quibus
1611 1443 1824 1513 impelli

194 1551 247 1585 se
298 1532 565 1594 fatentur,
615 1531 875 1599 maleque
930 1539 1123 1582 metuo
1172 1548 1241 1581 ne
1289 1539 1518 1599 tempus
1572 1531 1640 1582 iis
1688 1549 1824 1599 quo-

195 1636 294 1686 que
348 1617 460 1669 tale
519 1616 902 1684 superveniat,
963 1634 1076 1683 quo
1132 1624 1390 1684 tempore
1447 1617 1630 1669 facere
1671 1618 1824 1684 quod

195 1707 552 1756 decreverant
609 1703 1008 1754 ardentissime
1058 1711 1343 1772 optanteS,
1400 1703 1552 1755 nulla
1605 1704 1825 1756 ratione

196 1797 472 1858 poterunt.

277 1878 403 1946 Quo
493 1876 585 1928 die
671 1875 1075 1946 Ulyssiponem
1150 1877 1532 1945 pervenimus,
1617 1877 1825 1928 offendi

198 1965 524 2033 Magistrum
596 1965 890 2017 Simonem
958 1964 1018 2016 in·
1093 1964 1490 2032 expectatione
1563 1981 1827 2018 accessus

193 2058 494 2118 quartanae,
561 2071 627 2103 ea
685 2050 809 2119 ipsa
867 2049 1007 2102 hora
1067 2057 1296 2112 statam,
1365 2058 1426 2102 ut
1497 2050 1824 2119 putabatur,

195 2138 428 2192 habituri
498 2140 770 2192 redeundi
840 2140 1053 2193 vicem:
1125 2148 1394 2193 caeterum
1464 2148 1628 2194 tanta
1695 2157 1822 2193 eum

194 2242 254 2278 ex
320 2227 565 2280 adventu
649 2233 777 2279 meo
847 2225 1047 2279 laetitia
1118 2225 1348 2279 incessit
1425 2228 1569 2289 (non
1642 2224 1829 2278 minor

194 2313 353 2364 credo
406 2333 578 2382 quam
632 2333 744 2382 qua
798 2333 902 2383 ego
955 2333 1022 2365 ex
1074 2314 1195 2382 ejus
1248 2322 1483 2382 aspectu
1537 2314 1823 2383 amplexu-

194 2416 293 2466 que
338 2402 573 2453 affectus
610 2406 780 2465 sum),
823 2409 884 2453 ut
920 2402 1251 2469 languorem
1296 2401 1644 2454 discusserit:
1691 2419 1825 2454 nam

197 2501 292 2536 nec
355 2506 421 2538 eo
484 2488 592 2550 die,
660 2506 765 2539 nec
830 2487 1099 2555 deinceps
1165 2486 1339 2538 ullum
1406 2488 1527 2555 ejus
1594 2506 1825 2554 sensum

196 2568 402 2625 habuit.
473 2577 580 2627 Est
634 2582 827 2627 autem
881 2575 952 2626 ab
1006 2575 1245 2643 appulsu
1300 2574 1411 2627 huc
1464 2582 1661 2627 nostro
1703 2576 1822 2643 jam

197 2659 398 2712 mensis
451 2661 728 2713 evolutus.
800 2662 1002 2729 Itaque
1056 2660 1112 2712 in
1170 2660 1398 2729 plenam
1453 2661 1626 2713 modo
1679 2661 1824 2713 vale-

195 2746 442 2799 tudinem
517 2749 875 2801 confirmavit
944 2766 1031 2811 se,
1107 2748 1463 2817 multumque
1532 2748 1588 2799 in
1660 2748 1825 2801 vinea

198 2829 439 2898 Domini,
495 2852 609 2888 non
665 2835 785 2888 sine
840 2834 996 2888 uberi
1051 2834 1254 2900 fructU,
1309 2834 1547 2887 laborat.

265 2918 504 2987 Magnus
582 2921 673 2974 hic
752 2940 1022 2974 numerus
1100 2920 1402 2973 hominum
1480 2932 1564 2973 est
1644 2921 1826 2973 amice

195 3020 255 3054 ae
303 3007 574 3062 benevole
627 3010 684 3061 in
738 3028 843 3062 nos
885 3010 1245 3072 affectorum3
1301 3028 1367 3061 ac
1420 3027 1556 3061 sane
1610 3017 1824 3073 tantUS,

195 3098 249 3142 Ut
321 3097 558 3151 moleste
636 3097 831 3160 feram,
899 3097 1017 3149 fieri
1083 3115 1183 3165 per
1257 3097 1492 3149 nimiam
1573 3097 1824 3162 multitu-

2385 1351 2391 1385 Ῑ

2386 1573 2411 1598 ε

2382 1858 2386 1862 ‘

2385 1966 2417 2002 {²5

2383 2042 2389 2050 ,

2382 2104 2411 2153 ξζ

2383 2149 2413 2191 ³³3}

2383 2193 2428 2233 ἐξ,

2384 2231 2412 2272 f?

2383 2274 2413 2296 „¹33⁴

2383 2301 2389 2314 ι
2398 2299 2413 2322 ,ν

2391 2334 2406 2349 q
