2815 3911
668 352 853 392 LIBER
894 354 969 393 IV.
989 370 1061 378 -—
1080 355 1336 398 SYMBOLI
1379 357 1782 399 DECLARATIO.
1935 357 2039 410 343

411 483 740 537 testimonio
819 485 1220 555 discipulorum
1300 490 1475 559 ipsius
1553 487 1925 543 resurrexisse
2008 504 2041 540 a

412 575 650 625 mortuis
697 576 931 638 credito,
980 578 1149 628 fidem
1199 580 1423 647 plenam
1468 579 1767 637 adhibere;
1814 576 1871 626 in
1915 575 2040 643 ipso

411 677 587 733 spem.
617 679 854 727 ponere;
904 663 1289 732 ejusdemque,
1339 674 1398 719 ut
1448 667 1554 719 Dei
1609 683 1675 718 ac
1730 664 2042 717 Salvatoris

411 746 725 809 hominum,
782 748 996 800 cultum
1050 751 1490 820 religionemque
1554 751 1826 820 profiteri.
1890 752 2042 803 Hac-

410 839 577 884 tenus
641 835 898 902 exposita
963 837 1043 888 sic
1096 855 1154 888 se
1206 838 1413 890 habere
1480 840 1726 890 Sanctus
1784 836 2043 889 Thomas

410 920 710 973 affirmavit
765 919 852 973 his
904 923 1115 975 verbis:
1172 926 1340 977 Credo
1392 926 1449 977 iu
1511 927 1702 994 Jesum
1770 924 2043 976 Christum

409 1007 501 1076 qui
562 1006 817 1058 descendit
880 1009 950 1059 ad
1011 1010 1219 1079 inferos,
1286 1017 1332 1062 ei
1396 1011 1550 1062 tertia
1612 1010 1696 1063 die
1760 1010 2046 1062 resurrexit

410 1111 444 1145 α
494 1095 731 1147 mortuis.

487 1180 699 1233 Mansit
748 1181 1010 1235 Christus
1059 1183 1113 1235 in
1161 1185 1324 1237 terris
1377 1192 1685 1254 postquam
1740 1184 2043 1237 resurrexit

410 1285 443 1321 a
496 1269 733 1321 mortuis
786 1287 885 1338 per
938 1271 1057 1324 dies
1110 1273 1515 1342 quadraginta;
1584 1272 1812 1341 duplici,
1868 1290 2043 1341 quan-

409 1361 531 1407 tum
598 1355 943 1424 intelligitur,
1011 1359 1081 1411 de
1144 1376 1333 1412 causa.
1404 1360 1677 1422 Primum,
1745 1367 1807 1411 ut
1876 1359 2044 1427 plane

408 1442 775 1509 persuaderet
823 1443 1111 1512 discipulis
1160 1463 1218 1495 se
1266 1445 1665 1496 resurrexisse:
1722 1445 1929 1495 deinde
1983 1452 2044 1495 ut

409 1543 507 1579 eos
550 1528 778 1580 doceret
823 1530 956 1596 quid
1000 1547 1165 1597 agere
1210 1532 1499 1582 deberent.
1546 1531 1705 1581 Adeo
1748 1530 1785 1579 ii
1827 1530 2041 1580 turbati

409 1612 630 1666 fuerant
673 1614 1195 1681 inexpectatissimo
1238 1624 1443 1667 eventu
1491 1616 1693 1667 mortis
1736 1616 1877 1683 erS,
1920 1622 2044 1667 tan-

407 1708 643 1768 tumque
690 1701 942 1769 absorpti
988 1701 1221 1754 tristitia
1269 1721 1335 1753 ex
1383 1720 1450 1753 eo
1494 1701 1868 1753 acerbissimo
1913 1718 2047 1753 casu

408 1792 560 1848 nata,
628 1793 689 1839 ut
756 1787 1045 1854 aegerrime
1098 1789 1518 1840 adducerentur
1572 1790 1645 1839 ad
1699 1789 2045 1839 credendam

408 1873 584 1940 ipsius
648 1874 1135 1936 resurrectionem,
1204 1893 1308 1925 nec
1363 1894 1475 1925 una
1541 1875 1614 1925 ad
1682 1874 1737 1925 id
1801 1873 2050 1926 alterave

408 1960 546 2012 satis
600 1959 742 2013 foret
797 1962 1098 2028 appariti0‚
1155 1979 1317 2014 mora
1365 1979 1508 2029 opus
1555 1969 1695 2025 erat,
1751 1971 1807 2015 et
1861 1961 2047 2015 multi-

408 2047 630 2114 plicatis
677 2066 775 2114 per
820 2048 1055 2099 iteratos
1102 2066 1441 2114 congressus
1474 2047 1605 2100 vitae
1633 2066 1763 2100 vere
1791 2066 2044 2115 resump-

406 2140 480 2185 tae
543 2133 764 2185 indiciis
824 2133 1324 2185 manifestissimis.
1394 2135 1522 2186 Hoc
1570 2141 1630 2187 ut
1680 2132 1945 2196 suaviter,
1990 2140 2045 2186 et

408 2221 579 2272 modo
645 2220 963 2273 infirmitati
1033 2221 1297 2273 humanae
1352 2222 1793 2273 accommodato
1854 2220 2045 2288 benig-

406 2307 674 2359 nissimus
723 2308 1008 2359 Dominus
1055 2316 1265 2375 ageret,
1315 2307 1721 2376 triumphalem
1769 2308 1826 2358 in
1869 2307 2044 2359 coelos

406 2393 722 2460 ingressum
771 2411 935 2445 suum
987 2394 1364 2461 quadraginta
1418 2393 1637 2445 dierum
1694 2394 1881 2462 spatio
1934 2394 2043 2445 dis-

407 2480 553 2541 tulit,
603 2480 813 2532 crebris
867 2480 1093 2532 interim
1148 2479 1457 2547 discipulos
1510 2479 1870 2531 sermonibus
1922 2497 2043 2531 eru-

406 2567 584 2629 dienS,
664 2567 797 2634 quid
866 2568 1094 2619 credere
1160 2567 1284 2634 ipsi,
1353 2566 1559 2635 quidve
1626 2565 1831 2628 facere,
1907 2566 2041 2634 quid

406 2662 604 2720 gentes
657 2655 862 2705 deinde
917 2672 1115 2705 omnes
1169 2653 1393 2714 docere,
1449 2652 1700 2720 quidque
1757 2653 2044 2720 persuasis

406 2743 475 2793 de
541 2744 827 2810 dogmate,
883 2742 1235 2810 operandum
1290 2739 1656 2809 praescribere
1718 2747 2036 2809 oporteret3

405 2835 465 2880 ut
511 2835 632 2880 tam
679 2828 786 2895 ipsi
834 2846 1005 2896 quam
1054 2828 1245 2879 caeteri
1293 2826 1556 2878 homines
1602 2828 1854 2894 ipsorum
1899 2845 2040 2894 prae-

404 2915 692 2966 dicatione
746 2914 1031 2975 credituri,
1088 2912 1379 2982 pervenire
1432 2912 1505 2963 ad
1570 2930 1806 2980 regnum
1870 2912 2039 2964 coelo-

403 3016 528 3052 rum
572 3009 825 3067 possent,
871 3009 925 3054 et
969 3018 1037 3053 eo
1081 3018 1139 3052 se
1182 3016 1596 3068 praecessurum
1635 3016 1739 3056 suo
1778 3006 2038 3074 tempore

404 3086 692 3160 subsequi,
