2645 3907
672 397 771 451 172
1041 397 1222 435 LIBER
1264 398 1323 435 11.
1347 414 1419 419 --
1440 397 1730 436 EPISTOLA
1769 396 1917 435 XXXI.

668 527 887 596 egregie
964 528 1088 580 Deo
1167 527 1360 580 navari
1436 547 1608 597 opera
1680 535 1889 597 potest,
1960 528 2294 582 adversante

670 614 915 668 nemine.
996 616 1208 668 Verum
1290 614 1428 668 nihil
1508 633 1598 668 me
1676 624 1796 668 tam
1878 613 2024 668 male
2104 613 2293 679 habet,

670 720 841 770 quam
895 703 1047 770 quod
1101 703 1288 755 minus
1341 703 1546 755 aeriter
1598 702 1917 755 obstiterim
1966 702 2051 764 iis,
2100 720 2132 754 a
2178 703 2293 770 qui-

669 791 774 841 bus
827 790 937 841 scis
989 790 1218 841 coeleste
1274 791 1501 841 Numen
1553 789 1766 840 violari.
1824 790 1980 840 Deus
2035 789 2143 839 illis
2195 808 2294 856 pro

671 895 895 928 summa
949 895 1049 928 sua
1102 877 1403 929 clementia
1455 878 1710 944 ignoscat
1757 877 1953 938 velim3
2008 877 2294 928 eumdem-

671 983 780 1033 que
870 972 929 1015 ut
1018 972 1208 1016 tecum
1298 971 1545 1025 maneat,
1624 981 1713 1014 me
1804 963 2127 1025 comitetur,
2198 980 2294 1014 oro

672 1067 997 1121 quaesoque.
1053 1050 1211 1103 Vale.

667 1220 670 1223 ·
748 1213 823 1247 1v.
881 1199 1016 1248 Idus
1071 1197 1429 1258 Novembris,
1488 1199 1818 1265 ManaparO.

820 1344 978 1395 Tuus
1031 1342 1087 1394 in
1142 1342 1372 1395 Christo
1425 1342 1853 1394 amantissimus
1906 1341 2093 1403 frater,

1833 1489 2227 1540 FRANCISCUS.

1082 1890 1306 1950 EPJS
1317 1889 1567 1950 ‚TOLA
1642 1891 1900 1951 XXXI.

1355 2118 1637 2180 Eidem.

753 2350 846 2400 Ad
888 2350 1138 2400 Alexium
1184 2350 1368 2400 Sosam
1416 2349 1515 2400 iter
1555 2369 1588 2401 cz
1635 2351 1678 2402 C
1685 2350 1917 2402 omorino
1950 2350 2106 2419 facit,
2150 2349 2306 2401 chris—

684 2435 948 2487 tianorum
1003 2441 1168 2504 pagos
1223 2454 1284 2487 ex
1350 2435 1531 2487 itinere
1589 2436 1711 2499 obit,
1770 2436 2090 2505 infantesque
2147 2435 2307 2505 bapti-

682 2529 785 2574 zat.
843 2523 1161 2574 Tutucurini
1204 2523 1489 2575 exsulantes
1530 2524 1594 2575 M
1597 2524 1799 2576 ansillae
1840 2525 2179 2587 commendat,
2222 2541 2309 2575 suo

683 2610 907 2673 nomine,
955 2629 987 2662 a
1033 2612 1281 2663 Barbosae
1325 2612 1541 2681 injuriis
1588 2614 1813 2665 tuendos·
1861 2615 2082 2666 Precum
2118 2619 2307 2683 parvu-

685 2698 854 2751 lorum
898 2699 1145 2768 praesidio
1195 2705 1376 2769 septim,
1436 2706 1648 2753 terrores
1706 2702 2011 2763 contemnit;
2061 2706 2159 2772 pro
2204 2699 2310 2770 fide

685 2789 822 2840 mori
881 2789 1152 2841 desiderat.

763 2934 1112 3002 Charissime
1167 2935 1222 2986 in
1278 2935 1509 2989 Christo
1562 2936 1752 3000 frater,

702 3077 934 3219 CUM
983 3081 1254 3147 appulsus
1298 3083 1666 3149 Manaparem
1711 3091 1921 3134 starem
1962 3083 2018 3133 in
2061 3082 2312 3150 procinc-

864 3176 925 3221 tu
985 3168 1379 3239 proficiscendi
1438 3170 1509 3224 ad
1563 3170 1820 3224 Alexium
1892 3172 2113 3234 Sosam,
2187 3185 2313 3223 con-
