2815 3911
660 401 844 447 LIBE'R
885 398 1371 450 1v.—i‹:'i>1sr01„A
1410 398 1538 449 vni.
1797 398 1901 461 303

276 548 394 592 tate
440 538 745 601 mitterem,
791 540 885 608 qui
929 542 1080 608 apud
1128 562 1187 594 se
1230 560 1474 609 suasque
1528 539 1800 607 conjuges
1848 547 1902 593 et

275 625 619 678 christianos
665 625 978 693 indigenaS,
1022 645 1211 680 sacras
1255 628 1559 680 conciones
1604 626 1898 689 haberent,

271 714 522 783 itemque
581 713 697 765 suis
755 713 962 777 liberis,
1006 714 1477 778 serviS,·ancillis‚
1527 713 1899 767 christianam

271 800 597 853 doctrinam
649 800 939 853 traderent
995 819 1122 854 meo
1168 801 1310 853 loco.
1364 803 1430 853 Id
1477 800 1554 852 illi
1600 808 1901 869 tantopere

270 888 669 955 efflagitarunt,
737 896 798 940 ut
863 896 982 940 tam
1055 890 1149 957 pio
1219 890 1527 957 postulatO,
1601 888 1900 939 hominum

273 973 588 1042 praesertim
621 974 690 1026 de
725 982 920 1027 nostra
962 974 1249 1028 Societate
1289 975 1506 1043 optime
1547 974 1899 1036 meritorum,

269 1061 428 1113 omni
475 1060 696 1112 ratione
743 1060 1210 1113 satisfaciendum
1258 1070 1474 1130 putem.
1744 1123 1746 1125 ¹

348 1148 526 1216 Aprili
585 1166 779 1200 mense
848 1150 978 1200 anni
1054 1150 1460 1201 MDXLVIII.
1536 1148 1680 1210 (hoc
1747 1147 1900 1199 enim

272 1242 530 1301 tempore
583 1252 756 1285 naves
811 1234 1126 1287 Malaccam
1180 1243 1235 1287 et
1293 1234 1584 1287 Molucum
1639 1241 1902 1301 petentes

274 1339 341 1372 ex
384 1321 550 1373 India
597 1320 874 1385 solvunt),
922 1321 1192 1374 Malaccae
1240 1328 1524 1374 mercator
1572 1320 1901 1384 Lusitanus,

276 1406 360 1457 vir
399 1424 606 1475 magna
651 1406 923 1474 religione
963 1425 1029 1459 ac
1067 1408 1197 1467 fide,
1247 1405 1386 1458 mihi
1426 1408 1496 1459 de
1537 1407 1736 1459 insulis
1781 1425 1903 1474 per-

273 1494 495 1561 magnis
546 1494 889 1564 (Japoniam
932 1513 1057 1546 eam
1099 1495 1387 1564 regionem
1428 1498 1675 1558 vocant)
1727 1513 1907 1562 nuper

278 1580 536 1647 repertiS,
598 1580 777 1632 multa
844 1581 1110 1634 narravit.
1184 1581 1271 1633 Ibi
1325 1581 1381 1632 in
1460 1580 1673 1634 Christi
1751 1581 1904 1634 cultu

271 1668 642 1736 propagando
715 1667 880 1736 longe
950 1668 1092 1737 plus,
1166 1687 1337 1737 quam
1406 1667 1462 1719 in
1536 1667 1735 1736 quavis
1814 1668 1904 1720 In-

276 1754 383 1807 diae
449 1765 608 1822 parte
684 1755 880 1823 profici
958 1773 1143 1824 posse,
1224 1756 1376 1825 quod
1442 1772 1580 1824 gens
1644 1755 1907 1806 universa

277 1841 347 1895 sit
388 1841 605 1895 sciendi
646 1841 853 1911 cupida
893 1849 1100 1911 praeter
1140 1849 1392 1896 caeteras.
1436 1843 1583 1896 Cum
1625 1840 1735 1895 hoc
1763 1858 1905 1895 mer-

280 1938 489 1993 catore,
526 1929 868 2000 Japonensis
906 1930 1137 1998 quidam
1175 1929 1329 1982 venit
1378 1929 1660 1997 (Hanjiro
1697 1947 1907 1981 nomen

287 2020 429 2080 est),
471 2017 565 2085 qui
607 2035 674 2069 ex
714 2035 975 2070 sermone
1016 2035 1145 2069 cum
1191 2017 1644 2069 Malaccensibus
1690 2016 1906 2079 habito,

282 2122 372 2157 me
417 2104 717 2158 convenire
761 2113 1055 2158 statuerat.
1104 2106 1161 2157 Is
1209 2123 1338 2157 cum
1387 2104 1443 2156 in
1489 2104 1752 2176 Japonia,
1807 2123 1909 2174 pro

284 2191 685 2255 familiaritate,
767 2192 1058 2245 Lusitanis
1135 2186 1476 2260 quibusdam
1554 2192 1911 2245 institoribus

283 2277 647 2331 conscientiae
688 2296 805 2331 suae
846 2278 1161 2347 aperuisset
1201 2278 1450 2342 vulnera,
1493 2278 1694 2347 petivit
1730 2278 1912 2348 abeis

285 2365 600 2418 remedium
666 2365 894 2434 aliquod
963 2366 1200 2418 sanandi
1260 2366 1453 2429 animi,
1517 2365 1738 2434 Deique
1796 2365 1951 2438 pla--

289 2453 474 2504 candi.
545 2454 746 2520 Itaque
811 2460 1072 2504 auctores
1131 2452 1207 2504 illi
1266 2452 1508 2515 fuerunt,
1570 2460 1631 2505 ut
1689 2453 1762 2506 ad
1822 2471 1912 2506 me

286 2541 600 2590 Malaccam
650 2540 901 2591 veniret:
951 2539 1139 2607 paruit
1186 2539 1293 2602 ille,
1336 2547 1391 2591 et
1438 2538 1495 2590 in
1536 2558 1733 2591 eorum
1780 2558 1912 2591 con-

287 2626 507 2679 scendit
567 2626 776 2678 navim.
840 2627 1124 2695 Sedquo
1181 2633 1438 2694 tempore
1487 2625 1533 2676 is
1594 2625 1911 2677 Malaccam

285 2711 519 2780 appulit,
580 2730 684 2779 ego
741 2712 1009 2764 versabar
1066 2712 1123 2763 in
1185 2711 1430 2764 Moluco‚
1483 2713 1638 2778 Ergo
1696 2711 1805 2774 ille,
1854 2729 1912 2764 re

290 2799 534 2866 cognita,
596 2800 829 2850 domum
890 2798 1190 2849 revertitur
1240 2797 1437 2849 tristis·
1497 2799 1638 2848 Erat
1685 2797 1807 2864 jam
1855 2797 1912 2848 in

286 2893 594 2954 conspectu
652 2886 913 2956 Japonia‚
968 2902 1096 2937 cum
1143 2892 1375 2952 repente
1422 2892 1617 2937 exorta
1663 2891 1911 2953 tempes-

286 2978 420 3036 tate,
483 2992 596 3025 non
656 2974 776 3025 sine
844 2972 1116 3041 periculo,
1177 2972 1446 3022 adversus
1510 2978 1715 3023 ventus
1781 2990 1911 3023 eum

287 3058 480 3126 rejecit
512 3058 846 3112 Malaccam.
880 3059 964 3111 Ibi
994 3059 1063 3110 de
1093 3074 1221 3110 meo
1249 3058 1432 3110 reditu
1463 3057 1671 3109 certior
1706 3057 1910 3120 factUS,

289 3162 512 3199 summo
559 3145 883 3199 christianae
939 3146 1348 3215 cognoscendae
1402 3144 1593 3197 studio
1641 3163 1731 3196 me
1779 3162 1910 3196 con-
