2645 3907
67 874 74 920 ...u-

51 883 57 906 ζ

51 909 96 927 Q„

51 929 98 977 ,ξέε

45 967 98 1058 *spis*

51 1025 73 1046 'xi

50 1061 96 1140 iit„

50 1147 65 1197 ’ἱ

66 1866 76 1924 :te-⁹³*
65 1814 71 1835 -.
64 1763 71 1806 ΑΛ..

31 1330 32 1335 ’
44 1331 72 1351 -m
84 1330 99 1347 ,ῑ

31 1357 32 1365 l
57 1352 72 1371 7¹:

31 1394 32 1402 ¹
46 1390 72 1411 1'2.
85 1394 87 1399 ·

50 1661 71 1681 ns
99 1660 102 1662 '

49 1680 64 1715 ἐξ
98 1685 102 1706 ,’

50 1799 65 1837 24>

50 1838 71 1853 fla

50 1852 70 1887 231?

50 1887 64 1900 >71

50 1902 71 1940 {iz

49 1944 66 1963 Γ

43 1966 53 1994 ἶ

50 1997 53 2007 l

49 2017 53 2045 l

633 352 735 417 164
995 366 1177 403 LIBER
1218 367 1278 402 11.
1302 367 1687 404 —EPISTOLA
1725 365 1901 403 xxv11.

629 494 757 558 sciS,
820 513 921 565 per
982 494 1200 564 singula
1260 495 1384 549 loca
1445 496 1791 566 paedagogos
1853 494 2079 549 scholis.
2143 497 2260 550 Ho-

627 602 751 634 rum
817 584 888 635 ad
955 583 1244 646 minerval,
1313 585 1465 652 quod
1531 584 1785 651 promisi,
1848 592 2260 651 repraesentan-

627 670 762 720 dum
825 676 1054 720 centum
1101 670 1286 737 fanoes
1352 687 1564 731 sumeS,
1622 671 1693 720 ad
1754 669 1863 721 hoc
1921 669 2107 737 ipsum
2167 670 2260 721 de-

628 754 846 822 positos
895 755 1046 821 apud
1097 754 1421 806 Manuelem
1459 772 1492 805 a
1530 756 1732 816 Cruce,
1780 761 1944 807 tuum
1990 754 2258 818 amicum,

626 839 720 907 qui
782 839 1048 892 Punicale
1110 838 1347 893 habitat.
1407 841 1553 892 Eam
1606 840 1909 908 pecuniam
1962 839 2259 908 impendes

628 927 998 988 numeranda,
1066 934 1126 978 ut
1192 926 1324 988 dixi,
1392 927 1654 978 mercede
1718 926 2128 994 ludimagistris
2193 946 2258 979 ac

629 1012 984 1074 catechistis.;
1045 1032 1111 1064 ex
1164 1013 1398 1082 singulis
1451 1014 1771 1082 intelligens
1824 1021 2101 1082 quantum
2155 1032 2258 1082 ego

630 1101 832 1170 cuique
902 1101 1116 1154 solvere
1188 1101 1598 1154 consueverim.
1667 1104 1820 1155 Cave
1886 1102 2084 1155 credas
2149 1101 2259 1155 ulla

629 1188 685 1239 in
732 1207 790 1241 re
838 1188 1038 1242 melius
1085 1188 1347 1241 collocari
1392 1188 1480 1241 vel
1522 1189 1821 1257 pecuniam
1865 1189 1953 1242 vel
1996 1207 2256 1258 operam3

630 1276 765 1343 quin
819 1284 1036 1328 certum
1091 1276 1253 1338 habe,
1307 1276 1613 1344 plurimum
1661 1284 1717 1329 te
1764 1277 1836 1328 ad
1883 1276 2102 1344 insigne
2150 1277 2258 1328 Dei

632 1364 866 1415 Domini
920 1364 1098 1415 nostri
1152 1364 1488 1431 obsequium
1542 1372 1821 1425 acturum,
1876 1364 1923 1415 si
1976 1364 2259 1415 curaveris

627 1450 792 1503 istam
860 1450 1021 1503 unice
1083 1450 1461 1503 necessariam
1524 1451 1679 1503 rudis
1741 1450 1927 1503 aetatis
1990 1449 2254 1503 informa-

630 1538 864 1599 tionem,
924 1538 1150 1589 assidue
1208 1557 1274 1589 ac
1333 1538 1631 1606 diligenter
1682 1540 1947 1590 exerceri.

706 1626 762 1675 Is
820 1623 908 1675 cui
967 1624 1112 1675 istuc
1165 1625 1549 1692 proficiscenti
1602 1624 1705 1676 has
1758 1625 1974 1676 litteras
2027 1625 2254 1687 tradidi,

630 1712 803 1764 homo
856 1719 959 1774 est,
1015 1720 1074 1764 ut
1124 1711 1262 1763 mihi
1309 1711 1549 1773 videtur,
1597 1711 1761 1764 valde
1808 1712 1991 1765 bonus
2037 1720 2092 1765 et
2140 1730 2255 1764 ma-

627 1800 752 1869 gnis
805 1799 1108 1852 instinctus
1162 1796 1462 1852 desideriis
1513 1801 1635 1852 Deo
1689 1800 1968 1852 serviendi
1985 1817 1998 1862 ;
2062 1799 2255 1869 excipe

627 1887 783 1940 illum
845 1887 1171 1941 humaniter
1231 1895 1286 1941 et
1348 1888 1499 1956 apud
1560 1895 1618 1941 te
1679 1887 1843 1951 habe,
1909 1887 2097 1956 quoad
2151 1905 2254 1956 ego

626 1976 696 2029 ab
766 1975 1236 2045 Iniquitribirimo
1289 1975 1570 2038 redierim,
1631 1975 1735 2038 vel,
1797 1975 1842 2028 si
1901 1974 2254 2028 conducibile

626 2064 682 2116 id
741 2063 1085 2132 judicaveris
1150 2064 1221 2115 ad
1288 2063 1625 2132 obsequium
1691 2062 1964 2125 divinum,
2034 2070 2089 2115 et
2147 2060 2255 2114 hoc

627 2152 732 2219 ipsi
790 2151 1011 2220 placere
1069 2151 1368 2213 videbitur,
1424 2150 1676 2219 relinque
1729 2149 1885 2202 illum
1940 2150 2253 2203 Combutu-

626 2257 701 2301 re,
762 2247 822 2291 ut
876 2238 987 2290 illic
1040 2239 1110 2290 ad
1165 2238 1649 2291 constructionem
1704 2237 1842 2291 aedis
1896 2255 2070 2290 sacrae
2124 2255 2252 2305 ope-

627 2343 766 2388 ram,
833 2342 1003 2393 quam
1070 2331 1276 2392 potest,
1353 2322 1623 2376 conferat.
1705 2322 1890 2375 Audio
1961 2330 2250 2375 tonsorem

628 2413 934 2481 quemdam
993 2412 1162 2463 istinc
1218 2412 1527 2474 discedere,
1583 2410 1745 2462 facile
1799 2410 1939 2461 mihi
1992 2428 2251 2463 occursu-

626 2518 750 2553 rum
805 2518 916 2568 qua
969 2517 1100 2567 sumv
1148 2499 1328 2552 iturus
1379 2499 1487 2551 via.
1547 2500 1652 2551 Per
1703 2497 1854 2551 hunc
1902 2498 2116 2551 scribas
2161 2515 2250 2551 ve-

625 2586 721 2639 lim
786 2586 1013 2654 copiose
1077 2585 1146 2639 de
1209 2584 1429 2639 cunctis
1490 2604 1616 2653 quae
1679 2592 1939 2652 aguntur.
2001 2585 2138 2638 Sum
2198 2603 2250 2637 e-

625 2673 741 2725 nim
796 2672 853 2725 in
907 2693 1113 2741 magna
1159 2671 1537 2725 sollicitudine
1583 2672 1653 2725 de
1699 2672 1866 2725 rebus
1912 2692 2040 2725 cum
2091 2671 2250 2724 Lusi-

622 2771 906 2824 tanorum,
981 2770 1103 2813 tum
1179 2760 1635 2823 christianorum,
1712 2779 1824 2829 quo
1899 2760 2027 2812 istic
2099 2778 2249 2813 nunc

625 2851 750 2902 loco
808 2851 938 2902 sint.

700 2938 982 2991 Dominus
1035 2946 1228 2990 noster
1279 2938 1374 2990 det
1428 2937 1591 2989 nobis
1638 2937 1694 2989 in
1741 2937 1918 2990 altera
1964 2937 2082 2991 vita
2126 2936 2252 3005 plus

623 3024 1050 3094 tranquillitatis
1119 3032 1174 3076 et
1239 3023 1443 3086 solatii,
1510 3042 1680 3091 quam
1747 3023 1838 3076 hic
1903 3022 2246 3091 experimur!

627 3112 782 3167 Vale.
