2692 3907
743 368 811 420 40
1138 364 1320 403 LIBER
1361 364 1397 402 1.
1420 362 1805 402 —EPISTOLA
1842 355 1969 401 v111.

741 497 797 550 in
865 495 1028 548 India
1090 513 1121 548 a
1185 494 1393 548 nostris
1450 495 1611 561 juxta
1673 492 2064 560 indigenisque
2117 490 2357 543 multum

743 582 1068 633 desiderari.
1144 582 1346 650 Agenti
1411 600 1602 631 secum
1662 581 1799 631 mihi
1853 579 2261 630 nudiustertius
2313 579 2360 628 is

740 669 999 721 familiari
1055 684 1314 720 sermone
1362 668 1732 729 memorabat,
1781 682 1903 719 esse
1949 664 2255 734 quamdam
2304 663 2359 716 in

741 755 906 806 India
977 754 1218 806 insulam
1296 753 1590 821 gentilium
1670 771 1972 814 merorum,
2052 751 2171 803 sine
2251 750 2361 802 ulla

742 842 1069 892 Maurorum
1124 848 1219 891 aut
1272 841 1600 909 Judaeorum
1657 839 1910 900 mistura,
1965 838 2020 889 in
2074 854 2185 905 qua
2237 853 2359 904 spe-

734 944 857 979 rare
911 945 969 977 se
1023 927 1208 978 aiebat
1263 943 1531 993 magnum
1586 935 1639 978 et
1694 933 2022 993 promptum
2089 923 2358 991 praedica-

719 1012 902 1065 *tionis
956 1012 1293 1080 evangelicae
1340 1022 1706 1079 proventum:
1768 1012 2023 1079 adeoque
2070 1009 2208 1060 nihil
2259 1010 2358 1060 du-

735 1099 933 1159 bitare,
993 1099 1335 1158 recolentem
1390 1115 1531 1165 quos
1584 1115 1648 1149 ac
1701 1097 1895 1165 quales
1947 1097 2057 1148 illic
2108 1111 2358 1163 praesens

733 1185 1088 1237 observasset
1168 1183 1396 1236 habitus
1466 1183 1804 1245 animorum,
1889 1181 2024 1250 quin
2096 1190 2150 1233 et
2237 1180 2357 1248 ipse

729 1288 842 1332 rex,
908 1279 962 1323 et
1024 1270 1177 1321 brevi
1240 1288 1367 1322 cum
1422 1288 1487 1321 eo
1549 1278 1671 1322 tota
1739 1269 1920 1321 insula
1989 1267 2202 1320 Christi
2261 1284 2356 1334 pa-

731 1356 843 1410 lam
897 1356 1225 1424 religionem
1281 1356 1673 1423 amplectatur.

804 1443 929 1492 Hos
976 1451 1272 1493 successus
1321 1452 1381 1492 ut
1430 1451 1773 1510 augurentur
1816 1443 2123 1511 prudentes
2165 1442 2220 1491 id
2268 1458 2358 1510 ge-

729 1545 834 1581 nus
896 1531 1016 1593 viri,
1089 1530 1222 1582 facit
1277 1538 1573 1597 perspecta
1626 1530 1762 1596 ipsis
1815 1537 1869 1583 et
1923 1529 2162 1595 probata
2213 1527 2358 1580 ratio

728 1614 972 1667 instituti
1042 1633 1107 1666 ac
1182 1614 1622 1666 ministeriorum
1697 1624 2039 1678 nostrorum,
2113 1634 2355 1684 quorum

728 1703 818 1753 hic
886 1703 1202 1769 plausibilia
1272 1705 1583 1770 specimina
1650 1705 1939 1755 viderunt:
2008 1719 2112 1754 nos
2164 1710 2354 1753 autem

726 1798 785 1841 ut
857 1807 969 1840 non
1039 1790 1301 1841 obstante
1371 1789 1572 1841 intima
1642 1789 1990 1841 conscientia
2059 1788 2355 1841 tenuitatis

724 1882 777 1927 et
842 1875 1245 1927 imbecillitatis
1308 1883 1516 1927 nostrae
1583 1875 1938 1927 confidamus
2006 1874 2157 1926 haud
2209 1894 2356 1925 vana

725 1963 951 2014 irritave
1004 1962 1120 2015 fore
1174 1972 1307 2015 vota
1355 1973 1409 2016 et
1458 1964 1690 2031 auguria
1736 1963 1903 2031 hujus
1948 1963 2186 2031 generis,
2235 1964 2352 2015 ani-

728 2058 865 2112 mat,
924 2051 1075 2117 quod
1130 2049 1381 2102 misereri
1429 2050 1548 2117 jam
1604 2050 1787 2102 Deum
1845 2049 2127 2102 credimus
2179 2049 2353 2101 infeli-

727 2135 1016 2188 cissimam
1072 2138 1387 2189 caecitatem
1437 2137 1731 2189 nationum
1780 2137 2015 2190 istarum
2064 2137 2219 2189 omni
2268 2155 2352 2189 sa-

726 2226 858 2275 lutis
954 2226 1356 2276 destitutarum
1434 2225 1716 2293 praesidiO,
1797 2234 1856 2277 ut
1936 2225 2064 2279 ideo
2141 2225 2350 2278 nostris

727 2311 1038 2379 quamlibet
1118 2311 1468 2364 infirmorum
1556 2321 1610 2365 et
1691 2312 1973 2364 inutilium
2062 2329 2351 2365 servorum

728 2397 1103 2466 paratissimis
1166 2399 1453 2466 obsequiis
1521 2417 1722 2451 usurus
1789 2399 2030 2467 benigne
2097 2399 2357 2451 videatur

729 2486 800 2537 ad
839 2492 1011 2553 gentes
1058 2505 1167 2554 quae
1212 2488 1459 2554 ignorant
1504 2488 1677 2537 Deum
1723 2495 1736 2517 ¹
1778 2494 1825 2538 et
1866 2487 2121 2538 daemonia
2164 2488 2354 2548 colunt,

728 2573 800 2623 ab
853 2591 1038 2623 errore
1092 2566 1156 2624 ac
1211 2573 1504 2641 deplorato
1559 2574 1614 2624 in
1668 2591 1779 2642 quo
1827 2574 2019 2642 jacent
2074 2582 2226 2626 statu
2274 2591 2355 2625 re-

728 2662 1032 2713 vocandas,
1118 2662 1183 2712 In
1253 2660 1378 2723 hoe,
1449 2669 1508 2714 ut
1577 2662 1855 2714 nudemus
1916 2661 2077 2713 vobis
2131 2668 2357 2713 nostros

731 2746 962 2798 intimos
1034 2765 1251 2807 sensus,
1322 2747 1377 2798 in
1447 2747 1572 2808 hoc,
1643 2748 1893 2814 inquam,
1964 2747 2084 2799 solo
2147 2747 2357 2815 sperati

729 2833 1108 2885 verisimiliter
1169 2835 1410 2886 efficacis
1463 2854 1495 2886 a
1549 2837 1673 2887 Deo
1735 2836 1923 2887 auxilii
1986 2836 2359 2888 fundamento

731 2922 853 2973 fidit
908 2940 973 2974 ac
1027 2923 1226 2974 nititur
1277 2932 1400 2975 tota
1453 2932 1648 2975 nostra
1699 2924 1846 2975 tanti
1900 2924 2111 2993 negotii
2165 2942 2357 2993 capes-

732 3010 890 3060 sendi
959 3011 1192 3071 fiducia3
1274 3010 1406 3063 hinc
1472 3011 1622 3079 viget
1690 3011 1970 3075 alacritaS‚
2044 3010 2176 3064 hinc
2230 3028 2359 3080 spes

818 3158 846 3186 1.
872 3157 889 3185 Ι
914 3156 1044 3187 Thess.
1072 3157 1135 3189 IV.
1152 3159 1184 3189 5.
