2692 3907
741 381 845 448 362
1172 395 1355 431 LIBER
1397 395 1450 430 v.
1470 393 1855 430 —EPISTOLA
1896 393 1933 430 1.

741 527 866 580 Deo
919 527 1197 596 adjutore,
1254 525 1597 579 christianos
1650 524 1706 576 in
1752 524 1998 596 Japonia
2044 522 2259 575 factum
2306 521 2372 575 iri

739 613 1207 682 quamplurimos.
1272 612 1557 681 Equidem
1610 613 1856 681 primum
1912 629 2107 665 eorum
2161 629 2369 681 regem,

739 702 944 753 deinde
1006 701 1302 770 gymnasia
1364 709 1418 752 et
1481 700 1806 752 academias
1868 699 2023 752 adire
2082 697 2371 762 constitui,

740 805 947 857 magno
1010 792 1106 854 (ut
1170 791 1370 858 spero)
1427 805 1557 839 cum
1611 795 1831 858 quaestu
1885 787 2225 839 animorum.
2278 788 2371 857 Ja-

738 892 954 942 ponum
1021 874 1337 942 religioneS,
1415 882 1476 927 ut
1539 875 1745 927 Paulus
1790 877 1983 937 tradit,
2039 893 2105 928 ex
2159 877 2372 928 Cenico

743 966 905 1030 (quae
968 963 1101 1013 urbs
1160 970 1244 1013 est
1311 961 1455 1012 ultra
1516 963 1682 1013 Sinas
1734 970 1905 1030 atque
1959 961 2284 1024 Cathaium,
2339 978 2371 1014 a

736 1050 982 1119 Japonia
1042 1050 1147 1102 iter
1209 1050 1374 1101 unius
1437 1057 1491 1101 et
1554 1049 1836 1101 dimidiati
1898 1049 2067 1113 anni)
2136 1048 2371 1100 adscitae

737 1136 1124 1205 perhibentur.
1196 1138 1283 1187 Ex
1346 1135 1609 1206 Japonia,
1677 1143 1800 1188 tum
1866 1137 1935 1188 de
1988 1136 2134 1188 illius
2185 1135 2372 1203 gentis

739 1224 991 1276 moribus
1052 1241 1118 1276 ac
1178 1224 1400 1286 litteris,
1459 1231 1582 1275 tum
1636 1224 1809 1276 etiam
1863 1225 1933 1276 de
1985 1223 2253 1292 religione
2305 1240 2372 1274 ac

740 1309 1039 1375 disciplina
1093 1308 1413 1372 Cenicensi,
1468 1308 1672 1361 faciam
1726 1316 1783 1362 te
1835 1326 1935 1377 per
1985 1309 2202 1362 litteras
2255 1325 2371 1361 cer-

738 1396 961 1445 tiorem.
1020 1396 1253 1445 Etenim
1308 1397 1364 1444 in
1420 1395 1685 1445 Sinarum
1738 1414 1911 1461 regno
1958 1394 2240 1456 universo,
2288 1400 2370 1446 at-

739 1496 848 1547 que
911 1481 1174 1544 Cathaio,
1239 1482 1390 1533 nulla
1442 1482 1552 1531 alia
1603 1482 1791 1549 vigere
1844 1480 2020 1530 fertur
2071 1479 2377 1548 disciplina

738 1572 946 1632 praeter
1006 1583 1151 1626 eam,
1216 1583 1342 1631 quae
1395 1565 1451 1618 in
1507 1566 1807 1619 Cenicensi
1861 1567 2156 1619 academia
2207 1567 2371 1633 longe

739 1652 1106 1702 celeberrima
1169 1652 1430 1701 traditur.
1501 1653 1654 1718 Ergo
1716 1649 1811 1702 ubi
1863 1669 2202 1717 perspexero
2255 1648 2383 1702 illo-·

739 1755 863 1790 rum
921 1738 1158 1800 litteraS‚
1222 1740 1633 1806 gymnasiique-
1667 1739 2009 1802 doctrinam,
2064 1746 2187 1790 tum
2239 1756 2373 1789 vero

739 1824 860 1876 fuse
922 1825 993 1877 ad
1055 1833 1111 1877 te
1173 1811 1401 1878 cuncta*
1436 1824 1804 1894 perscribam.
1862 1826 1983 1878 Nec
2035 1823 2371 1893 praetermit-

738 1919 877 1974 tam,
928 1912 1063 1980 quin
1112 1913 1241 1963 dem
1285 1913 1507 1965 litteras
1550 1913 1765 1965 eisdem
1810 1913 1879 1964 de
1923 1913 2089 1964 rebus
2133 1913 2203 1964 ad
2248 1930 2372 1963 aca-

739 1998 988 2050 demiam
1046 1999 1443 2062 Parisiensem,
1499 2007 1560 2052 ut
1614 2019 1681 2052 ex
1725 2018 1799 2051 ea
1846 2000 2075 2068 reliquae
2126 2001 2373 2067 Europae

739 2086 1047 2139 academiae
1093 2087 1185 2138 illa
1229 2088 1431 2139 eadem
1477 2095 1846 2155 cognoscant.
1895 2089 1944 2138 E
1989 2087 2157 2138 sociis
2198 2105 2373 2138 unum

739 2172 974 2224 omnino
1042 2173 1391 2239 Europaeum
1453 2173 1661 2225 ducere
1715 2190 1940 2226 mecum
1995 2172 2183 2240 cogito
2237 2173 2375 2225 Cos-

739 2279 895 2311 mum
960 2260 1323 2323 Turrianum,
1393 2261 1782 2322 Valentinum,
1850 2261 1945 2328 qui
2011 2261 2104 2313 hic
2175 2279 2234 2313 se
2303 2262 2375 2314 ad

740 2348 1088 2399 Societatem
1153 2357 1408 2400 nostram
1476 2348 1735 2410 contulit,
1805 2367 1870 2400 ac
1928 2355 2205 2416 praeterea
2261 2355 2377 2401 tres

738 2435 879 2498 illos,
935 2453 1077 2503 quos
1130 2436 1261 2498 dixi,
1322 2436 1599 2506 Japonios
1652 2435 2062 2487 adolescentes,
2120 2434 2376 2487 Proficis-

739 2522 976 2583 cemur,
1014 2522 1139 2574 Deo
1199 2522 1584 2590 approbante,
1634 2521 1811 2589 Aprili
1859 2538 2053 2574 mense
2099 2522 2376 2590 proximO.

811 2612 1011 2662 AbeSt‘
1052 2613 1302 2682 Japonia
1366 2612 1436 2661 ab
1504 2612 1639 2660 urbe
1707 2613 1833 2661 Goa
1893 2608 2082 2659 leucas
2135 2606 2379 2675 amplius

739 2696 890 2748 mille
947 2704 1002 2749 et
1060 2704 1370 2750 trecentas,
1430 2699 1517 2750 Ex
1570 2698 1770 2750 itinere
1824 2705 1879 2751 et
1933 2683 2398 2749 urbs'Malacca

738 2791 793 2835 et
861 2783 1012 2835 Sinae
1079 2784 1404 2852 attingendi
1471 2791 1620 2836 sunt.
1690 2783 1872 2836 Nullis
1932 2783 2118 2836 verbis
2179 2782 2379 2852 exequi

736 2888 991 2938 possum,
1047 2879 1325 2939 quantum
1380 2890 1449 2922 ex
1494 2871 1803 2939 provinciae
1851 2870 2019 2939 hujus
2066 2870 2376 2938 susceptio-

736 2976 807 3010 ne
873 2957 1118 3010 fructum
1185 2959 1409 3027 capiam
1476 2959 1682 3011 divinae
1746 2957 2077 3026 voluptatis.
2133 2959 2378 3011 Constat

736 3044 909 3108 enim,
981 3046 1087 3098 iter
1156 3046 1414 3113 plurimis
1480 3063 1546 3098 ac
1613 3046 1876 3097 maximis
1944 3044 2376 3114 tempestatum,

736 3131 994 3200 syrtium,
1050 3132 1363 3200 piratarum
1417 3131 1682 3199 periculis
1736 3131 2043 3186 obnoxium
2106 3149 2256 3195 esse,
2317 3139 2378 3184 ut
