2645 3907
704 376 805 430 188
1116 390 1300 429 LIBER
1340 390 1834 429 111.—EP1s‘r0LA
1874 390 1912 428 1.

700 525 827 578 liret
892 524 1065 586 favor,
1127 542 1196 575 ne
1254 532 1374 576 tam
1433 526 1571 576 dure
1637 524 1931 577 Christum
1994 527 2191 594 Jesum
2258 526 2329 578 ab

702 610 859 663 omni
910 618 1071 679 parte
1125 628 1241 662 suae
1295 610 1527 663 ditionis
1585 610 1872 662 exclusum
1925 610 2110 664 vellet.

777 697 973 750 Mittat
1026 696 1154 760 hue,
1214 714 1426 765 quaeSO,
1482 697 1754 766 majestas
1810 704 1927 761 tua,
1987 696 2329 766 quampluri-

705 801 829 835 mos
882 801 912 834 e
967 783 1254 835 Societate
1296 768 1524 846 nostra,
1585 783 1680 851 qui
1738 801 1852 836 non
1906 784 2078 836 modo
2131 785 2331 837 suffici-

703 875 802 922 ant
860 868 1220 936 baptizandis
1278 876 1334 922 et
1393 867 1704 922 christiana
1762 868 2021 923 doctrina
2078 869 2330 923 imbuen-

704 953 792 1006 dis
848 961 968 1007 tam
1029 953 1222 1006 multis
1280 953 1607 1007 hominibus
1665 954 1760 1023 qui
1818 954 1875 1005 in
1933 954 2090 1007 hisce
2139 955 2331 1008 tracti-

703 1042 809 1094 bus
874 1042 945 1093 ad
1011 1042 1182 1093 fidem
1249 1040 1462 1094 Christi
1532 1041 1990 1109 amplectendam
2059 1041 2331 1094 inducun-

704 1136 823 1191 tur;
888 1129 988 1182 sed
1050 1128 1224 1181 etiam
1288 1146 1355 1181 ex
1416 1127 1621 1196 quibus
1683 1128 1974 1182 abundent
2034 1128 2129 1197 qui
2184 1128 2332 1182 mitti

705 1214 926 1283 possint
992 1214 1326 1278 Malaccam,
1391 1222 1446 1268 et
1508 1214 1565 1267 in
1627 1214 1902 1269 finitimas
1964 1214 2013 1269 ei
2076 1214 2200 1268 urbi
2253 1234 2332 1268 re-

705 1302 920 1371 gioneS,
984 1301 1078 1354 ubi
1142 1321 1292 1354 nunc
1348 1302 1575 1370 plurimi
1631 1301 1862 1355 Christo
1915 1303 2053 1355 dant
2106 1290 2332 1354 nome-n.

784 1390 844 1439 P.
908 1389 1181 1456 Magister
1255 1390 1505 1457 Jacobus
1562 1396 1618 1440 et
1680 1389 1964 1440 Dominus
2020 1388 2228 1440 Paulus
2280 1389 2335 1439 in

708 1473 944 1542 collegio
1013 1476 1219 1527 Sanctae
1289 1475 1450 1526 Fidei
1511 1483 1826 1527 versantur.
1920 1475 1999 1527 Hi
2064 1474 2334 1543 quoniam

708 1560 939 1628 copiose
1004 1561 1075 1613 ad
1142 1561 1502 1628 majestatem
1568 1569 1727 1613 tuam
1794 1561 2049 1614 scribunt
2114 1561 2184 1614 de
2246 1561 2338 1613 illa

709 1656 907 1700 sancta
971 1649 1162 1711 dom0‚
1229 1648 1368 1700 nihil
1433 1648 1490 1699 in
1555 1667 1807 1716 praesens
1869 1650 1939 1701 de
2001 1667 2067 1700 ea
2130 1648 2336 1711 dicam,

710 1735 818 1787 nisi
893 1737 1045 1805 quod
1120 1744 1255 1805 peto
1330 1736 1386 1787 in
1462 1754 1686 1787 summa
1760 1745 1922 1805 parte
1987 1737 2203 1806 gratiae,
2270 1754 2339 1789 ne

709 1831 975 1893 gravetur
1024 1832 1123 1876 tua
1176 1824 1447 1892 majestas
1505 1824 1749 1877 scribere
1804 1827 2018 1878 Cosmo
2071 1824 2337 1893 AgneziO,

712 1918 773 1963 ut
839 1911 1069 1979 quando
1133 1910 1284 1962 idem
1356 1911 1547 1978 coepit,
1614 1911 1766 1963 idem
1831 1911 2117 1979 promovit
2182 1928 2339 1964 sanc-

711 2004 835 2051 tum
889 1996 1024 2050 illud
1079 1997 1533 2060 contubernium,
1588 1998 1896 2066 perducere
1943 1998 2064 2067 ipse
2110 1998 2182 2051 ad
2235 1997 2340 2050 fas-

713 2084 915 2152 tigium
979 2084 1256 2152 pleneque
1309 2083 1599 2136 absolvere
1666 2103 1736 2136 ne
1794 2084 2060 2146 desistat;
2121 2103 2225 2137 nec
2286 2083 2340 2134 in

714 2170 823 2221 hoc
897 2170 1264 2237 defatigetur:
1342 2171 1717 2221 constituram
1789 2171 1941 2221 enim
2006 2171 2056 2221 ei
2121 2189 2155 2221 a
2221 2171 2343 2220 Deo

715 2255 982 2323 primum,
1052 2263 1176 2306 tum
1247 2255 1420 2306 etiam
1487 2274 1519 2305 a
1584 2256 1885 2322 majestate
1948 2263 2048 2306 tua
2112 2255 2341 2322 dignam

716 2340 973 2408 praeclari
1027 2341 1214 2408 operis
1269 2342 1610 2393 mercedem.

792 2426 1131 2480 Franciscus
1188 2427 1451 2480 Mansilla
1507 2435 1563 2480 et
1610 2446 1715 2496 ego
1766 2445 2060 2480 versamur
2110 2426 2168 2479 in
2220 2443 2343 2494 pro-

717 2513 1002 2568 montorio
1069 2513 1363 2568 Comorini
1435 2532 1563 2567 cum
1626 2513 1950 2568 christianis
2011 2532 2154 2584 quos
2215 2511 2345 2565 fecit

721 2601 966 2654 Michael
1028 2602 1238 2654 Vazius
1298 2602 1705 2671 proepiscopus
1766 2602 1964 2655 Indiae.
2026 2603 2194 2654 Nunc
2251 2599 2345 2651 ha-

718 2690 825 2742 beo
891 2706 1115 2741 mecum
1180 2696 1296 2741 tres
1360 2689 1686 2742 sacerdotes
1751 2707 1818 2742 ex
1881 2687 2162 2757 indigenis
2227 2686 2347 2755 ejus

720 2785 904 2830 terrae.
1511 2772 1513 2774 ’

795 2863 1109 2930 Collegium
1165 2862 1566 2930 CranganoriS,
1621 2864 1771 2929 quod
1828 2881 1971 2929 opus
2023 2869 2109 2914 est
2165 2857 2347 2912 Patris

724 2950 941 3003 Fratris
994 2949 1299 3011 Vincentii,
1355 2948 1576 3016 magnis
1628 2948 1994 3001 incrementis
2046 2945 2346 3000 adolescit:

723 3045 797 3099 et,
853 3037 899 3088 si
953 3037 1224 3104 majestas
1274 3043 1374 3088 tua
1426 3042 1622 3102 pergat
1676 3035 1723 3086 ei
1780 3035 1983 3097 favere,
2046 3041 2107 3086 ut
2161 3032 2348 3085 hacte-

723 3142 829 3175 nus
882 3121 1031 3184 fecit,
1087 3141 1117 3173 e
1169 3122 1321 3174 bono
1374 3119 1631 3188 proficiet
1685 3121 1742 3171 in
1796 3120 2014 3173 melius,
2073 3121 2179 3171 Est
2226 3134 2348 3188 pro-
