2692 3907
725 370 829 405 220

1107 370 1288 405 LIBER
1331 370 1418 404 ΙΙΙ.
1441 384 1512 389 -
1534 369 1828 404 EPISTOLA
1868 369 1969 405 VII.

722 499 794 552 ad
856 498 1128 567 oppidum
1191 499 1384 552 Sancti
1445 498 1686 552 Thomae
1753 499 1882 563 (ubi
1941 518 2158 561 omneS,
2222 518 2348 553 cum

721 585 1047 650 christiani,
1128 593 1249 640 tum
1330 577 1587 650 barbari,
1671 584 2018 644 sanctissimi
2093 586 2350 654 Apostoli

720 673 960 726 Thomae
1015 690 1218 742 corpus
1273 690 1401 744 esse·
1443 673 1813 737 confirmant)
1866 672 2057 742 appuli
2106 690 2173 726 eo
2221 690 2349 726 con—

721 764 863 825 silio,
942 770 1002 814 ut
1061 763 1192 813 inde
1254 762 1568 813 Malaccam
1628 779 1940 830 pergerem.
2010 761 2123 812 Hic
2181 760 2349 828 igitur

720 851 1071 919 exspectanti
1157 850 1295 902 mihi
1380 850 1759 919 navigationis
1840 848 2347 918 opportunitatem,

722 945 1004 987 mercator
1056 937 1287 1003 quidam
1347 937 1584 1005 (Joanni
1641 938 1801 986 Duro
1848 953 2057 986 nomen
2104 938 2219 997 est)
2272 936 2349 986 di-

720 1023 852 1075 vino
925 1023 1229 1075 instinctus
1303 1023 1494 1074 afflatu
1569 1042 1627 1074 se
1702 1023 1919 1075 socium
1985 1021 2224 1073 addidit.
2295 1024 2349 1073 Is

722 1127 946 1161 mecum
1010 1128 1121 1160 una
1182 1109 1302 1161 dies
1361 1109 1576 1176 aliquot
1630 1117 1906 1171 versatus,
1962 1127 2092 1160 cum
2146 1109 2216 1159 de
2268 1127 2347 1159 re-

719 1195 824 1247 bus
908 1195 1231 1248 coelestibus
1314 1195 1584 1248 nonnulla
1667 1195 2045 1263 cognovisset,
2138 1194 2343 1248 sentire

722 1281 895 1351 coepit
957 1281 1096 1334 alias
1157 1282 1434 1351 quasdam
1490 1300 1705 1335 merces
1758 1282 2007 1351 reperiri,
2063 1282 2178 1335 suis
2230 1281 2347 1334 lon-

723 1387 790 1438 ge
864 1369 1151 1431 meliores;
1228 1387 1368 1438 quas
1438 1370 1670 1438 quidem
1735 1369 1856 1438 ipse
1920 1386 2213 1438 nunquam
2278 1370 2348 1422 ad

724 1474 850 1506 eam
904 1455 1054 1507 diem
1109 1474 1178 1506 ne
1232 1456 1553 1523 suspicione
1605 1456 1835 1524 quidem
1882 1456 2181 1523 attigisset.
2239 1457 2348 1507 Ita-

724 1560 833 1608 que
893 1541 1120 1593 omissis
1182 1542 1585 1604 mercimoniis,
1649 1542 1962 1611 nuntioque
2017 1549 2348 1593 mercaturae

725 1628 980 1689 remiss0,
1034 1628 1417 1694 evangelicam
1464 1628 1757 1695 amplexus
1804 1638 1889 1680 est
1935 1635 2347 1696 paupertatem.

727 1714 924 1781 Nuper
979 1713 1293 1768 Malaccam
1352 1717 1507 1782 (quae
1561 1715 1694 1766 urbs
1746 1715 1920 1767 distat
1973 1733 2005 1767 a
2060 1716 2186 1767 Goa
2237 1714 2347 1766 leu-
2403 1707 2411 1716 ²

727 1819 822 1852 cas
882 1801 1125 1868 amplius
1179 1802 1547 1868 quingentas)
1606 1804 1776 1853 ambo
1829 1803 2206 1870 pervenimus
2263 1802 2346 1852 Ibi

720 1888 840 1955 jam
922 1888 1280 1939 occasionem
1357 1896 1654 1956 captamus
1731 1889 2097 1941 Macazaricae
2171 1896 2349 1940 trans-

728 1975 1033 2028 missioniS.
1090 1976 1199 2045 Qui
1254 1995 1286 2028 a
1341 1976 1732 2029 Macazaribus
1785 1976 1895 2030 huc
1946 1977 2197 2041 veniunt,
2254 1977 2351 2029 mi-

726 2081 784 2114 re
845 2063 998 2114 illam
1061 2071 1289 2132 gentem
1352 2065 1424 2116 ad
1487 2064 1700 2117 Christi
1755 2065 1968 2118 cultum
2022 2073 2216 2136 aptam
2270 2073 2348 2118 at-

728 2170 836 2220 que
910 2151 1175 2203 idoneam
1250 2170 1373 2204 esse
1444 2153 1727 2205 nuntiant.
1797 2152 1965 2205 Nulla
2029 2153 2164 2205 inibi
2232 2171 2352 2205 esse

729 2240 963 2289 deorum
1045 2239 1201 2299 fana;
1285 2240 1467 2290 nullos
1547 2240 1642 2306 qui
1716 2240 1986 2306 populum
2060 2240 2351 2306 impellant

729 2326 800 2377 ad
873 2326 1228 2377 venerandos
1293 2326 1447 2378 deos.
1517 2325 1707 2378 Solem
1774 2327 2048 2378 duntaxat
2115 2327 2185 2378 ab
2250 2325 2354 2377 illis

729 2430 832 2483 pro
899 2414 1023 2466 Deo
1088 2412 1223 2466 coli:
1291 2412 1621 2482 religionem
1686 2419 1961 2482 praeterea
2022 2412 2173 2482 apud
2235 2411 2356 2465 illos

730 2500 942 2550 nullam
996 2517 1137 2550 esse.
1194 2502 1382 2568 Quare
1433 2517 1535 2551 vos
1587 2500 1760 2551 etiam
1814 2507 1986 2569 atque
2037 2499 2210 2552 etiam
2257 2515 2357 2569 pro

730 2597 919 2638 vestra
1001 2606 1132 2653 erga
1217 2588 1510 2636 Christum
1597 2588 1873 2637 charitate
1957 2605 2074 2648 oro,
2159 2587 2357 2637 fratres

731 2674 1067 2734 charissimi,
1131 2683 1191 2724 ut
1253 2674 1414 2724 multi
1468 2675 1774 2740 quotannis
1827 2693 1857 2723 e
1913 2675 2198 2724 Societate
2249 2674 2357 2722 huc

732 2760 1086 2827 demigretis:
1165 2762 1336 2812 vestri
1411 2760 1561 2812 enim
1637 2760 1906 2811 similium
1981 2780 2206 2811 summa
2274 2766 2357 2809 est

732 2847 985 2918 penuria.
1063 2847 1155 2902 Sic
1225 2855 1416 2902 autem
1483 2847 1769 2911 habetote,
1836 2849 1907 2902 ad
1973 2846 2360 2916 aggregandos

734 2935 966 2991 Christo
1024 2934 1195 2990 hosce
1260 2934 1538 3000 ethnicos,
1602 2953 1714 2989 non
1778 2953 1984 3005 magna
2046 2933 2360 2989 eruditione

732 3041 875 3094 opus
948 3041 1088 3088 esse,
1186 3025 1284 3076 sed
1375 3041 1582 3093 magno
1671 3024 1945 3078 virtutum
2039 3041 2161 3088 usu,
2246 3038 2359 3075 ma-

730 3130 952 3181 gnaque
1039 3113 1092 3162 vi
1167 3113 1341 3164 divini
1430 3113 1714 3185 Spiritus:
1802 3129 1969 3185 quem
2040 3114 2196 3170 Deus
2260 3125 2360 3181 pro
