2815 3911
608 386 790 425 LIBER
831 385 867 424 Ι.
890 404 961 409 -
983 387 1277 442 EPISTOLA
1316 386 1443 424 VIII.
1770 387 1837 439 35

211 521 355 575 dabit
398 520 661 571 Dominus
717 520 858 586 juris
921 524 995 581 (et
1063 520 1138 570 ita
1180 520 1291 586 fiet,
1348 521 1544 569 Doctor
1601 519 1832 587 egregie)

213 614 267 660 ut
326 607 383 657 in
443 606 555 656 alia
616 605 726 655 vita
783 606 911 656 socii
970 605 1375 656 consolationum
1434 604 1612 666 simus,
1674 605 1721 655 si
1780 604 1838 654 in

211 695 302 747 liae
342 691 604 760 fuerimus
649 691 951 759 passionum
996 691 1199 744 comites
1230 699 1261 742 ¹.
1331 692 1556 744 Caetera
1603 688 1659 741 in
1707 708 1836 742 eum

214 780 381 834 diem*
424 777 635 847 rejici0‚
691 797 818 830 cum
871 786 928 831 te
981 797 1169 831 coram
1230 778 1500 847 alloquar,
1557 777 1651 846 qui
1714 776 1836 829 dies

213 873 416 937 praeter
468 865 792 938 opinionem
846 873 1004 919 tuam
1050 865 1340 927 adveniet;
1402 864 1671 934 quoniam
1725 864 1834 917 exi-

217 954 360 1007 mius
421 952 510 1004 ille
571 969 748 1015 amor,
811 970 979 1020 quem
1043 952 1180 1004 mihi
1243 970 1342 1019 per
1402 951 1619 1005 litteras
1685 951 1835 1003 exhi-

152 1066 157 1071 ·
216 1043 330 1101 beS,
394 1047 455 1090 ut
517 1056 732 1090 morem
796 1039 898 1090 tibi
961 1039 1017 1089 in
1080 1039 1185 1090 hac
1248 1047 1408 1105 parte
1469 1056 1681 1105 geram,
1746 1056 1837 1089 me

216 1125 438 1196 penitus
503 1124 674 1193 cogit.-
751 1126 872 1194 Ego
936 1144 1050 1194 vero
1114 1144 1279 1176 meum
1345 1144 1470 1193 erga
1534 1132 1577 1176 te
1641 1125 1836 1193 amoris

217 1212 478 1265 vinculum
521 1218 689 1263 taceo:
741 1212 1003 1263 Dominus
1048 1213 1207 1273 novit,
1252 1212 1342 1279 qui
1384 1212 1674 1263 amborum.
1699 1229 1836 1263 men-
1884 1221 1889 1226 “

218 1306 312 1351 tem
355 1298 490 1366 solus
536 1297 638 1366 ipse
684 1298 881 1359 rimat,·
909 1316 1065 1366 quam
1110 1298 1243 1349 milii
1286 1298 1356 1349 sis
1400 1298 1633 1348 intimus·
1670 1299 1836 1349 corde.

292 1382 438 1445 Vale,
491 1383 689 1434 Doctor
737 1382 954 1451 egregie,
1009 1388 1054 1435 et
1104 1401 1200 1445 me,
1253 1389 1309 1435 ut
1359 1384 1501 1446 soles,
1556 1401 1696 1436 ama.

293 1536 659 1607 Ulyssipone,'
697 1537 876 1606 pridie
925 1539 1120 1590 Nonas
1170 1539 1538 1620 Novembres,
1587 1540 1835 1591 MDXL.

360 1697 518 1749 Tuus
571 1696 627 1747 in
683 1696 931 1749 Domino
984 1697 1212 1750 humilis
1265 1715 1474 1761 servus»,

1363 1857 1763 1909 FRANCISCUS.

970 2085 1083 2108 ‘W
1178 2088 1317 2097 '‘³“-

657 2285 879 2347 EPIS
889 2285 952 2345 T
955 2236 1138 2347 OLA
1220 2286 1404 2349 VIII.

643 2482 1013 2554 Societati‚
1089 2483 1424 2542 Romam.

297 2677 504 2729 Gaudet
548 2678 606 2729 de
643 2684 882 2748 prospero
925 2685 1063 2730 statu
1107 2679 1398 2731 Societatis.
1456 2681 1691 2750 Joannes
1735 2681 1844 2730 Lu-

225 2763 436 2837 sitaniaev
499 2783 588 2817 rex
662 2766 934 2817 Societatis
997 2771 1250 2834 patronus
1313 2784 1371 2818 ac
1436 2767 1721 2835 benefactor
1782 2767 1845 2819 li-

230 2847 592 2908 beralissimus.
650 2851 802 2919 Mag.
848 2850 1081 2903 Simonis
1117 2856 1164 2903 et
1203 2850 1428 2903 Xaverii
1466 2851 1679 2914 sodales,
1714 2856 1847 2921 prce-

229 2935 465 3007 claraque
528 2939 782 2990 Indorum
845 2939 1128 3009 dispositio.
1213 2941 1374 3010 Regis
1437 2942 1495 2991 in
1556 2942 1846 2992 Xaverium

222 3027 566 3095 proregisque
615 3027 885 3093 beneficia:
963 3028 1182 3095 ejusdem
1241 3028 1475 3096 proregis
1539 3028 1736 3091 decora,
1802 3035 1848 3080 et

271 3169 301 3203 1.
317 3169 357 3203 II
373 3170 455 3207 Gor.
475 3181 502 3208 1.
522 3171 551 3207 7.
