2768 3911
700 389 881 427 LIBER
923 390 982 426 ΙΙ.
1005 404 1077 410 --
1098 390 1389 426 EPISTOLA
1426 389 1514 425 XX.
1820 387 1921 438 139

766 592 1242 652 EPISTULA
1307 593 1458 652 XX.

968 819 1250 880 Eidem.

374 1054 711 1127 Captivitatis
771 1054 834 1105 M
837 1053 1057 1115 ansillae,
1111 1059 1158 1103 et
1207 1052 1515 1123 irruptionis
1575 1050 1926 1118 Badagarum

297 1144 599 1218 periculum.
660 1142 725 1195 M
727 1141 978 1196 iserorum
1020 1142 1325 1212 praesidium
1380 1141 1700 1193 commendat
1710 1160 1730 1202 ;
1783 1145 1925 1190 uten-

305 1235 420 1284 dum
474 1236 626 1291 metu,
681 1229 870 1297 optimo
923 1229 1111 1281 orandi
1156 1229 1425 1297 magistra
1482 1229 1740 1282 Chartam
1777 1227 1926 1297 petit,

307 1321 591 1386 litterasque
647 1315 706 1368 de
764 1315 910 1368 rebus
962 1314 1228 1368 omnibus.-
1282 1314 1469 1368 iterum
1520 1314 1580 1367 de
1623 1313 1926 1384 periclitan-

308 1407 451 1457 tibus.

377 1548 723 1603 Charissime
778 1547 834 1599 in
890 1547 1120 1600 Christo
1173 1546 1361 1610 frater,

380 1696 532 1746 Deus
585 1694 656 1745 sit
711 1688 935 1760 semper
986 1694 1203 1746 tecum!

476 1855 513 1892 T
567 1839 722 1891 varia
786 1847 898 1892 tuae
964 1839 1166 1893 litterae
1218 1840 1523 1902 nunciant,
1591 1838 1670 1891 ita
1735 1854 1927 1890 earum

506 1926 748 1981 lectione
796 1946 920 1981 sum
967 1927 1119 1981 varie
1165 1928 1427 1982 affectus:
1484 1926 1785 1982 delectavit
1841 1942 1931 1978 me

310 2016 605 2083 plurimum
671 2018 764 2068 illa
828 2036 1022 2068 earum
1090 2036 1237 2085 parS,
1306 2037 1417 2085 qua
1482 2033 1785 2077 memoraS,
1851 2013 1930 2066 in-

311 2102 456 2167 genti
501 2109 557 2155 te
604 2103 779 2155 animi
827 2103 1010 2157 fructu
1059 2121 1272 2172 nupera
1320 2105 1482 2156 istius
1537 2102 1782 2172 regionis
1833 2101 1931 2153 vil-

311 2186 482 2240 larum
529 2207 594 2242 ac
642 2208 917 2258 pagorum
964 2191 1301 2244 lustratione
1354 2191 1744 2259 perfunctum;
1800 2208 1931 2265 con-

312 2280 393 2326 tra
441 2277 677 2344 perculit
726 2296 834 2340 me,
881 2285 936 2331 et
984 2296 1134 2332 saeva
1176 2278 1364 2347 specie
1406 2277 1674 2341 turbavit,
1717 2277 1932 2330 mentio

315 2360 428 2427 ipsa
485 2364 834 2433 captivitatis
886 2373 1018 2429 tuae,
1074 2366 1234 2434 cujus
1288 2384 1410 2419 esse
1461 2373 1518 2419 te
1573 2365 1629 2417 in
1683 2363 1933 2434 periculo

315 2451 588 2515 praesenti,
648 2460 703 2506 et
763 2453 979 2517 scribiS,
1039 2462 1094 2507 et
1153 2454 1336 2508 video.
1403 2456 1490 2507 Ea
1543 2453 1589 2506 si
1643 2452 1933 2521 continge-

315 2543 408 2598 ret,
473 2557 587 2592 non
652 2540 807 2609 prius
873 2549 1093 2611 partem
1159 2543 1365 2613 quietis
1425 2542 1593 2596 ullam
1650 2558 1932 2612 caperem,

315 2638 476 2688 quarn
537 2634 612 2689 te,
677 2629 828 2696 quod
897 2627 1146 2683 futurum
1201 2630 1355 2684 brevi
1410 2647 1720 2699 sperarem,
1778 2630 1934 2681 Deus

317 2711 566 2766 redderet
636 2717 817 2778 nobiS,
890 2736 993 2770 nec
1063 2718 1200 2786 ipsis
1269 2718 1530 2771 videlicet
1606 2716 1934 2786 expertibus

313 2795 571 2852 similium
646 2802 902 2855 laborum
978 2813 1149 2872 atque
1228 2804 1640 2857 discriminum.
1709 2804 1934 2857 Cedant

314 2883 522 2937 utinam
592 2890 784 2941 omnia
852 2892 906 2942 in
977 2892 1203 2944 laudem
1263 2901 1317 2944 et
1375 2891 1615 2959 gloriam
1677 2891 1933 2959 ejusdem

315 2966 415 3020 Dei
466 2974 644 3027 nostri
698 2977 900 3045 optimi
955 2996 1020 3031 ac
1074 2979 1304 3031 maximi
1362 2977 1625 3030 Domini!

383 3056 446 3108 In
526 3058 663 3114 istas
744 3082 848 3131 ego
928 3073 1119 3133 partes
1200 3068 1556 3118 sacerdotem
1626 3084 1655 3116 e
1725 3064 1937 3115 nostris

315 3154 479 3195 unum
558 3147 703 3210 misi,
784 3151 878 3219 qui
957 3151 1208 3220 pagatim
1285 3151 1550 3214 ediceret,
1632 3159 1691 3202 ut
1765 3167 1938 3201 naves
