2815 3911
745 364 929 399 LIBER
965 365 1019 400 V.
1040 364 1419 400 ——EPISTOLA
1457 364 1537 399 VI.
1843 360 1945 412 401

336 511 402 546 ac
444 493 845 562 Redemptoris
885 494 1061 547 nostri
1108 512 1311 563 corpus
1363 512 1430 547 ac
1476 492 1811 561 sanguinem
1853 490 1958 543 sub

332 580 498 649 panis
550 587 606 633 et
658 579 775 632 vini
829 580 933 633 rite
984 581 1298 634 consecrati
1351 581 1596 634 residere
1639 578 1956 648 speciebus.

335 667 476 721 Inde
515 666 776 721 videlicet
816 685 930 721 non
971 686 1116 737 aegre
1170 668 1527 722 attrahentur
1581 668 1653 721 ad
1713 681 1957 736 purgan-

334 755 469 808 dum
516 742 668 808 bona
712 755 823 807 fide
867 774 966 824 per
1005 754 1419 817 confessionem
1461 754 1737 818 animum,
1780 760 1836 805 et
1864 751 1958 805 de-

333 841 563 894 votione
599 858 851 910 congrua
891 859 1050 895 sacra
1096 842 1301 896 divinae
1349 860 1560 896 mensae
1606 839 1960 911 frequentius

333 928 527 997 epulas
571 929 901 997 gustandas.

409 1018 476 1067 In
522 1033 683 1068 sacro
728 1016 1012 1079 tribunali,
1044 1017 1136 1068 ubi
1184 1036 1310 1085 quae
1353 1015 1733 1085 praemeditati
1781 1012 1959 1085 poeni-

333 1110 520 1157 tentes
566 1103 636 1157 de
683 1103 799 1157 suis
850 1103 1099 1172 peccatis
1153 1112 1404 1168 narrant,
1458 1104 1622 1173 plene
1676 1101 1959 1173 cognoris,

291 1208 404 1248 ,ne
464 1209 581 1243 rem
644 1190 916 1244 continuo
976 1189 1185 1245 factam
1246 1190 1535 1255 arbitrere,
1598 1198 1697 1245 aut
1753 1198 1811 1245 te
1863 1190 1958 1245 de-

333 1277 590 1331 functum
652 1296 785 1331 cura
845 1280 1026 1332 omni:
1091 1280 1359 1347 indagare
1421 1280 1653 1332 ulterius
1710 1286 1955 1347 oportet,

333 1372 389 1418 et
446 1366 836 1434 percontando
894 1365 1204 1435 exculpere,
1264 1385 1389 1435 quae
1447 1365 1679 1435 cognitu
1733 1371 1955 1418 curatu-

332 1470 441 1520 que
484 1452 820 1515 necessaria,
865 1453 1036 1505 etiam
1081 1453 1250 1520 ipSOS,
1296 1439 1412 1521 prae
1456 1453 1799 1521 ignorantia,
1838 1470 1957 1520 poe-

334 1539 581 1592 nitentes
627 1539 845 1592 fallunt.
903 1542 1196 1608 Interroga
1242 1559 1373 1608 ergo
1421 1541 1588 1603 unde,
1636 1558 1749 1608 qua
1788 1538 1957 1592 ratio-

334 1645 404 1679 ne
449 1634 731 1695 quaestum
779 1627 1023 1679 faciant?
1072 1645 1243 1695 quam
1287 1627 1344 1678 in
1388 1626 1969 1688 commutationibuss

334 1713 812 1782 praestationibuS,
861 1720 915 1765 et
961 1720 1083 1765 tota
1128 1713 1237 1765 fide
1284 1720 1601 1781 pactorum,
1654 1712 1957 1765 formulam

334 1803 680 1870 sequantur?
717 1801 960 1868 reperies
981 1800 1310 1868 plerumque
1325 1801 1560 1852 'sordere
1583 1799 1766 1853 usuris
1789 1817 1958 1853 cunc-

334 1897 410 1953 ta,
468 1897 523 1942 et
582 1888 886 1940 maximam
953 1887 1207 1957 pecuniae
1273 1895 1494 1957 partem
1558 1905 1658 1957 per
1725 1886 1956 1956 rapinas

339 1984 671 2046 congestam
713 1976 780 2030 iis
820 1976 973 2046 ipsiS,
1015 1975 1110 2045 qui
1150 1994 1208 2029 se
1248 1983 1443 2029 tamen
1483 1976 1845 2045 praefidenter
1889 1976 1961 2030 ab

333 2065 489 2118 omni
531 2064 873 2134 contagione
916 2064 1089 2133 iniqui
1132 2064 1270 2117 lucri
1316 2063 1718 2117 asseverabant
1765 2081 1956 2132 purOS,

332 2171 483 2217 vem,
532 2161 592 2206 ut
638 2154 883 2216 aiebant,
932 2152 1295 2205 conscientiae
1343 2170 1623 2221 nusquam
1671 2152 1827 2220 ipsos
1868 2171 1954 2205 vre-

332 2239 737 2307 prehendentis
776 2239 1131 2292 testimonio:
1175 2239 1384 2307 quippe
1425 2239 1617 2291 multis
1657 2239 1736 2292 ita
1776 2240 1965 2296 occal-

333 2326 436 2378 luit
478 2326 846 2388 conscientia,
893 2334 951 2377 ut
995 2325 1320 2393 rapinarum
1369 2325 1425 2377 in
1472 2325 1659 2378 sinum
1706 2345 1963 2382 corrasa-

334 2431 458 2465 rum
503 2414 680 2465 vastis
726 2414 898 2465 etiam
942 2413 1202 2474 molibus,
1247 2420 1344 2464 aut
1388 2412 1558 2475 nullo,
1603 2421 1700 2465 aut
1742 2417 1961 2481 perexi-

334 2516 444 2566 guo
487 2506 791 2566 urgeantur
836 2516 1021 2551 sensu.

409 2584 597 2653 Hujus
648 2583 870 2653 generis
935 2583 1223 2651 diligentia
1281 2582 1606 2636 adhibenda
1665 2584 1851 2654 major
1907 2607 1961 2641 e-

331 2671 471 2725 tiam
514 2671 617 2724 tibi
654 2671 836 2734 fuerit,
876 2670 1098 2739 quoties
1135 2688 1194 2722 se
1235 2669 1437 2722 sistent
1477 2670 1536 2722 in
1577 2689 1742 2725 sacro
1781 2673 1958 2727 tribu-

335 2757 446 2809 nali
505 2757 747 2810 ministri
805 2756 958 2826 regii,
1017 2755 1288 2824 praefecti,
1349 2764 1681 2825 quaestores‚
1741 2759 1962 2825 scribae,

333 2845 721 2912 redemptores
765 2842 1145 2912 vectigalium,
1194 2850 1249 2895 et
1296 2843 1368 2895 ad
1411 2861 1554 2911 quos
1598 2863 1962 2916 quocumque

334 2933 564 2984 nomine
632 2931 838 2984 fiscalis
908 2931 1165 2999 pecuniae
1231 2949 1297 2983 ac
1355 2931 1569 2998 jurium
1634 2936 1967 3000 procuratio

334 3019 670 3072 tractatio've
735 3018 922 3087 aliqua
982 3018 1246 3086 pertinet.
1312 3019 1685 3073 Peraccurate
1746 3021 1818 3074 ab
1871 3021 1967 3076 his

334 3106 598 3158 omnibus
644 3105 870 3173 exquire
916 3124 1029 3172 qua
1074 3105 1293 3156 ratione
1339 3124 1407 3156 ex
1452 3105 1537 3157 sui
1592 3107 1967 3174 magistratus.

1545 3336 1622 3396 26
