2692 3907
698 413 803 464 268
1100 428 1283 465 LIBER
1324 428 1400 466 iv.
1421 444 1493 450 —
1514 427 1805 466 EP1sToLA
1846 427 1922 466 IV.

700 559 847 608 Cum
901 559 1149 626 primum
1203 559 1373 627 igitur
1427 559 1688 612 Lusitani
1744 560 1909 611 India
1960 560 2130 628 potiri
2213 576 2323 612 coe-

636 667 639 670 ·
698 652 922 709 perunt,
986 663 1131 697 unus
1193 663 1260 697 ex
1323 645 1541 698 Graecis
1609 645 1908 713 episcopis,
1979 663 2122 714 quos
2190 645 2354 708 dixis

699 729 1010 783 affirmasse
1072 731 1264 795 fertur,
1322 750 1444 784 sese
1497 732 1830 801 cognovisse
1883 734 1953 784 de
2005 732 2130 785 aliis
2182 732 2325 801 epis—

699 817 876 883 copiS,
932 835 1076 886 quos
1123 818 1179 870 in
1236 819 1401 871 India
1453 819 1750 882 invenerit,
1801 820 1858 871 S.
1906 818 2192 872 Thomam
2242 818 2326 871 Si-

698 918 902 956 narum
955 905 1097 957 fines
1149 904 1483 973 ingressum,
1539 923 1735 957 eorum
1783 904 1992 973 oppida
2038 921 2327 973 peragras-

696 1005 775 1050 se,
807 1043 809 1045 ,
842 991 1272 1059 Evangelioque
1335 991 1641 1059 divulgatO,
1697 992 1994 1058 indigenas
2055 991 2330 1059 plurimos

698 1073 936 1128 Christo
1003 1077 1308 1143 peperisse.
1377 1078 1524 1129 Cum
1592 1077 1840 1144 primum
1910 1077 2122 1144 aliquid
2191 1076 2329 1128 certi

701 1160 971 1226 habuero,
1032 1173 1129 1215 aut
1188 1165 1258 1214 ab
1317 1165 1441 1216 aliis
1499 1173 1875 1232 compertum,
1935 1174 2032 1217 aut
2092 1182 2219 1215 mea
2273 1182 2331 1216 o-

701 1267 838 1317 pera
884 1250 1257 1318 exploratum,
1304 1268 1407 1304 vos
1453 1250 1657 1304 faciam
1706 1250 1993 1304 certiores,

776 1339 1100 1406 Antequam
1152 1339 1407 1391 Malaeca
1447 1340 1818 1402 discederem,
1861 1340 2097 1407 cognovi
2143 1340 2330 1391 Goam

700 1426 990 1493 appulisse
1035 1434 1151 1478 tres
1198 1445 1227 1478 e
1276 1426 1582 1488 Societate,
1631 1427 1725 1495 qui
1774 1445 1903 1479 cum
1951 1427 2067 1478 suis
2112 1426 2331 1479 litteras

700 1530 931 1580 quoque
995 1515 1286 1564 Romanas
1339 1514 1411 1564 ad
1466 1532 1557 1565 me
1617 1513 1981 1580 perferendas
2044 1521 2329 1566 curarunt.

708 1599 817 1651 His
870 1618 974 1668 ego
1027 1599 1308 1668 perlectiS‚
1364 1600 1653 1652 enimvero
1706 1600 2052 1669 triumphavi
2105 1601 2332 1668 gaudiO,

706 1687 859 1754 quod
926 1705 1009 1749 ea,
1080 1705 1205 1755 quae
1279 1687 1526 1740 maxime
1595 1686 1815 1749 vellem,
1890 1688 1960 1740 de
2034 1687 2337 1740 Societatis

706 1775 873 1826 rebus
937 1795 1288 1843 acceperam.
1371 1776 1447 1826 Et
1513 1775 1784 1844 quoniam
1851 1796 1917 1826 ex
1980 1778 2161 1826 tribus
2231 1776 2339 1825 illis

707 1881 852 1914 unus
897 1871 1147 1925 venerat,
1198 1870 1257 1915 ut
1306 1863 1362 1913 in
1410 1863 1646 1931 collegio
1695 1865 1899 1915 Sanctae
1951 1864 2109 1915 Fidei
2162 1862 2338 1915 alum-

707 1967 811 2001 nos
871 1950 1090 2001 litteras
1153 1951 1399 2010 doceret,
1466 1950 1665 2015 reliqui
1720 1951 1851 2009 dim,
1908 1957 1966 2001 ut
2021 1950 2096 2000 ibi
2158 1949 2335 2016 potis-

707 2035 915 2087 simum
995 2046 1371 2099 versarentur,
1448 2036 1543 2087 ubi
1620 2037 1869 2088 maximo
1934 2037 2011 2088 rei
2078 2037 2332 2089 christia-

707 2141 795 2177 nae
837 2124 1226 2177 emolumento
1277 2123 1417 2175 mihi
1466 2124 1794 2176 viderentur
1842 2123 2046 2185 futuri;
2120 2123 2336 2177 confes-

708 2211 814 2264 tim
868 2212 940 2263 ad
994 2230 1113 2265 eos,
1145 2210 1362 2277 scripsi,
1413 2218 1473 2262 ut
1531 2210 1727 2262 relicto
1783 2212 1923 2262 Goae
1978 2210 2338 2262 alumnorum

710 2300 1010 2369 magistro,
1096 2300 1286 2350 caeteri
1370 2310 1669 2368 pergerent
1748 2301 1803 2350 in
1887 2300 2342 2369 promontorium

710 2388 1114 2449 Comorinum‚
1198 2387 1388 2455 ibique
1473 2404 1641 2450 cum,
1686 2388 1994 2439 Francisco
2081 2386 2344 2438 Mansilla

710 2475 1030 2546 neophytos
1099 2475 1405 2529 erudirent.
1488 2476 1655 2529 Nunc
1725 2492 1858 2528 vero
1932 2482 2153 2529 mutata
2220 2491 2343 2528 sen-

709 2562 907 2624 tentia,
965 2580 1063 2614 eos
1129 2561 1185 2614 in
1255 2560 1513 2614 Molucas
1579 2560 1792 2613 insulas
1857 2580 2007 2613 anno
2081 2560 2344 2626 proximo

710 2648 900 2699 venire
959 2650 1152 2718 jubeo,
1209 2650 1362 2717 quod
1415 2649 1641 2698 videam
1690 2650 1777 2699 his
1824 2650 1962 2699 locis
2015 2650 2343 2700 christianae

711 2736 998 2803 religionis
1047 2735 1432 2803 propagandae
1483 2734 1972 2801 opportunitatem
2014 2734 2179 2801 longe
2230 2750 2345 2786 ma-

705 2822 910 2891 jorem.

786 2909 1048 2961 Molucus
1101 2907 1256 2975 regio
1311 2914 1395 2959 est
1451 2907 1691 2959 modicis
1744 2925 1810 2960 ac
1862 2924 2038 2974 prope
2092 2907 2346 2961 innume-

709 2993 984 3050 rabilibus
1015 2993 1279 3046 ·discreta
1325 2991 1542 3054 insuliS‚
1592 3011 1696 3045 nec
1743 2992 1881 3045 satis
1929 2991 2115 3046 adhuc
2162 2992 2347 3062 explo-

714 3091 902 3136 ratum
946 3090 1050 3144 est,
1095 3101 1168 3132 an
1212 3099 1343 3149 pars
1391 3080 1513 3148 ejus
1560 3080 1748 3149 aliqua
1794 3081 1865 3133 sit
1910 3081 1966 3132 in
2010 3081 2347 3133 continenti.

714 3172 937 3226 Omnes
1011 3168 1187 3223 ferme
1264 3166 1462 3221 insulae
1526 3168 1665 3221 vicis
1729 3168 2119 3241 frequentibus
2193 3168 2350 3222 habi-
