2692 3907
736 407 840 459 272
1137 395 1321 444 LIBE'R
1363 392 1851 445 1v2—E151ST012A
1892 391 1968 444 fvi

734 537 789 588 vi
848 544 1020 604 atque
1086 536 1303 604 impetu
1369 536 1622 604 ingentia
1661 554 1813 604 saepe
1868 555 2004 589 saxa
2058 538 2369 605 jactantur.

736 623 932 674 Voluit
995 624 1153 673 Deus
1213 622 1477 673 videlicet
1538 623 1625 684 iis,
1689 641 1832 689 quos
1894 641 2063 674 nemo
2125 625 2195 674 de
2251 642 2369 690 poe-

736 707 824 761 nis
888 708 1193 776 impiorum
1260 708 1628 771 admonebat,
1691 709 1854 776 quasi
1916 707 2224 761 inferorum
2286 724 2369 761 se-

736 795 867 847 dem
958 793 1194 862 aperire,
1281 793 1644 862 speciemque
1726 793 1980 862 praebere
2059 793 2369 862 quamdam

735 882 882 934 illius
944 881 1211 944 incendii,
1275 899 1388 950 quo
1450 890 1582 934 sunt
1644 880 1868 933 scelesti
1929 880 2192 933 homines
2248 899 2369 950 per-

735 975 910 1038 petuo
986 967 1295 1031 cruciandi,
1375 974 1437 1022 ut
1513 966 1798 1021 horrendo
1875 966 1970 1022 illo
2044 966 2371 1036 spectaculo

736 1055 1018 1108 admoniti
1075 1056 1310 1108 tandem
1368 1055 1765 1123 intelligerent,
1821 1075 1948 1123 quae
2001 1054 2126 1107 illos
2178 1074 2369 1108 mane-

736 1152 862 1195 rent
938 1143 1233 1212 supplicia,
1310 1143 1417 1194 nisi
1492 1161 1558 1194 ex
1633 1143 1862 1195 nefariis
1936 1143 2240 1195 sceleribus
2303 1160 2370 1196 ac

735 1229 966 1298 flagitiis
1019 1236 1392 1298 emergerent.

812 1318 922 1371 Hae
988 1315 1187 1369 insulae
1253 1335 1453 1369 omnes
1516 1315 1665 1370 inter
1729 1335 1788 1369 se
1842 1315 2107 1370 differunt
2159 1315 2369 1385 lingua,

736 1414 909 1476 atque
982 1404 1156 1458 etiam
1233 1403 1633 1457 nonnullarum
1708 1403 1908 1457 incolae
1983 1422 2098 1456 non
2167 1404 2369 1457 eodem

737 1510 956 1555 01111165,
1036 1494 1136 1545 sed
1213 1492 1343 1560 pagi
1409 1492 1501 1544 alii
1578 1491 1688 1544 alio
1771 1509 2033 1544 sermone
2115 1499 2369 1545 utuntur.

739 1581 1154 1636 Verumtamen
1191 1563 1610 1630 Malaccensem
1656 1576 1907 1645 linguam
1946 1584 2179 1646 propter
2216 1594 2368 1630 com-

739 1665 1015 1718 mercium
1056 1664 1377 1731 intelligunt
1418 1682 1636 1715 omnes.
1690 1663 1973 1731 Quocirca
2012 1682 2143 1715 cum
2183 1663 2371 1716 adhuc

739 1772 923 1805 essem
997 1750 1287 1812 Malaccae,
1353 1749 1688 1818 Symbolum
1760 1749 2167 1817 Apostolorum
2236 1770 2366 1802 cum

739 1838 1004 1905 apposita
1100 1836 1510 1903 explicatione,
1586 1835 1908 1887 communis
1992 1835 2367 1889 confessionis

739 1922 1060 1985 formulam,
1154 1921 1491 1974 Orationem
1584 1920 1969 1982 Dominicam,
2062 1920 2366 1972 Salutatio-

738 2028 869 2063 nem
932 2010 1281 2080 Angelicam‚
1342 2016 1397 2061 et
1460 2010 1658 2061 decem
1724 2008 1894 2077 Legis
1959 2010 2253 2077 Praecepta
2309 2009 2366 2061 in

742 2097 1163 2150 Malaccensem
1208 2113 1530 2148 sermonem
1572 2095 1848 2147 vertenda
1905 2094 2114 2157 curavi,
2170 2102 2232 2147 ut
2276 2113 2367 2147 me

739 2189 810 2240 de
872 2187 1040 2239 rebus
1103 2184 1311 2238 divinis
1364 2185 1536 2236 verba
1589 2182 1833 2236 faciente
1886 2183 2039 2252 apud
2092 2201 2208 2247 eOS‚
2250 2183 2366 2252 pla-

741 2274 869 2328 nius
929 2272 1307 2341 intelligerent
1360 2289 1486 2340 quae
1541 2271 1882 2325 dicerentur.
1954 2270 2125 2324 Nulla
2191 2270 2367 2324 ferme

739 2361 952 2413 habent
996 2367 1369 2412 monumenta
1414 2358 1758 2419 litterarum;
1814 2376 1919 2410 nec
1965 2357 2209 2409 scribere
2249 2357 2365 2409 vul-

739 2468 811 2519 go
869 2457 1096 2511 norunt,
1139 2465 1244 2499 nec
1297 2448 1510 2516 legere:
1567 2447 1740 2519 pauci
1774 2446 1831 2496 in
1887 2446 2188 2497 scribendo
2230 2447 2364 2497 Ara·

740 2536 883 2590 bicis
923 2535 1075 2589 notis
1120 2541 1357 2587 utuntur
1400 2532 1587 2586 verbis
1637 2531 2109 2585 MalaccensibUS.
2151 2531 2367 2586 Arabes

739 2624 950 2693 quippe
1051 2620 1452 2674 Mahometicae
1548 2619 1971 2689 superstitionis
2059 2619 2365 2682 antistiteS,

739 2728 882 2780 quos
947 2710 1157 2763 Cacices
1222 2726 1319 2760 seu
1376 2707 1632 2776 Alfaques
1690 2706 1998 2775 appellant,
2064 2705 2367 2759 nonnullos

739 2798 1037 2867 indigenas
1093 2795 1375 2848 scribendi
1435 2795 1716 2846 rationem
1792 2811 1973 2862 nuper
2030 2794 2365 2855 docuerunt,

741 2891 797 2938 et
866 2883 1037 2937 hodie
1103 2883 1330 2935 docent.
1399 2882 1548 2934 Nam
1619 2887 1752 2934 ante
1810 2879 2158 2933 Mahometis
2225 2879 2368 2933 ritus

738 2972 1013 3034 invectOS‚
1108 2968 1292 3021 nullus
1378 2966 1613 3019 omnino
1700 2967 1851 3036 apud
1939 2965 2154 3020 incolas
2231 2984 2368 3019 usus

740 3067 860 3113 erat
913 3059 1250 3113 litterarum.

816 3149 882 3200 In
958 3146 1066 3201 hac
1140 3143 1322 3197 insula
1394 3141 1678 3195 Amboino
1751 3161 1870 3195 rem
1943 3141 2058 3195 vidi
2128 3138 2367 3195 incredi-
