2645 3907
635 397 733 452 172
1003 397 1184 436 LIBER
1226 399 1286 436 ΙΙ.
1309 415 1381 420 -
1402 399 1692 437 EPISTOLA
1731 398 1879 436 XXXI.

630 530 850 599 egregie
926 531 1049 583 Deo
1129 531 1323 584 navari
1398 551 1570 601 opera
1642 540 1850 601 potest,
1922 532 2257 586 adversante

633 619 877 671 nemine.
958 621 1170 671 Verum
1252 619 1391 671 nihil
1471 638 1560 672 me
1639 628 1758 672 tam
1840 619 1985 672 male
2066 618 2255 684 habet,

632 725 803 774 quam
858 708 1008 774 quod
1063 707 1250 759 minus
1303 708 1508 760 acriter
1560 707 1879 760 obstiterim
1928 707 2013 769 iis,
2062 725 2094 759 a
2139 708 2256 775 qui-

632 795 737 845 bus
789 794 899 846 scis
951 794 1180 847 eoeleste
1236 795 1463 846 Numen
1515 793 1728 845 violari.
1786 794 1942 846 Deus
1998 793 2104 845 illis
2156 811 2257 861 pro

633 899 857 933 summa
911 900 1011 934 sua
1064 881 1365 935 clementia
1417 882 1672 949 ignoscat
1719 880 1914 943 velim3
1970 881 2256 934 eumdem—

634 987 742 1038 que
832 976 891 1020 ut
980 976 1170 1020 tecum
1260 976 1507 1030 maneat,
1585 986 1675 1024 me
1766 968 2088 1030 comitetur,
2160 986 2256 1019 oro

634 1074 959 1124 quaesoque.
1015 1055 1172 1107 Vale.

629 1225 632 1228 ·
709 1217 785 1252 iv.
842 1202 978 1253 Idus
1032 1201 1390 1263 Novembris,
1449 1202 1779 1270 Manaparo.

782 1350 939 1401 Tuus
993 1349 1048 1399 in
1103 1348 1333 1401 Christo
1387 1349 1815 1401 amantissimus
1867 1348 2055 1410 frater,

1794 1497 2189 1547 FRANCISCUS.

1044 1899 1112 1957 E
1114 1898 1227 1957 Pl
1220 1899 1268 1958 S
1278 1897 1529 1957 TOLA
1603 1899 1862 1960 XXXI.

1316 2125 1599 2187 Eidem.

714 2359 807 2410 Ad
849 2359 1099 2410 Alexium
1146 2359 1329 2411 Sosam
1377 2359 1476 2410 iter
1516 2378 1549 2411 a
1596 2360 1878 2412 Comorino
1912 2360 2068 2430 facit,
2112 2358 2268 2412 chris-

645 2446 909 2497 tianorum
964 2452 1129 2515 pagos
1184 2464 1245 2497 ex
1311 2446 1492 2498 itinere
1550 2447 1673 2510 obit,
1732 2447 2051 2515 infantesque
2109 2445 2269 2515 bapti-

644 2538 747 2584 zat.
804 2532 1122 2584 Tutucurini
1165 2532 1451 2585 exsulantes
1492 2533 1556 2585 M
1559 2533 1760 2586 ansillae
1802 2534 2141 2595 commendat,
2184 2550 2271 2585 suo

645 2618 869 2680 nomine,
917 2638 949 2670 a
994 2620 1243 2671 Barbosae
1287 2620 1503 2688 injuriis
1549 2622 1775 2673 tuendos.
1822 2623 2043 2673 Precum
2080 2627 2269 2691 parvu-

646 2706 815 2757 lorum
860 2707 1107 2775 praesidio
1156 2713 1338 2776 septus,
1398 2713 1610 2759 terrores
1668 2709 1972 2770 contemnit;
2023 2714 2121 2778 pro
2166 2707 2272 2777 fide

646 2795 783 2844 mori
843 2794 1114 2845 desiderat.

725 2937 1074 3004 Charissime
1129 2937 1184 2988 in
1239 2937 1470 2991 Christo
1524 2938 1714 3002 frater,

663 3080 896 3221 CUM
945 3084 1215 3151 appulsus
1259 3086 1628 3153 Manaparem
1673 3094 1883 3138 starem
1925 3086 1980 3138 in
2024 3085 2274 3154 procinc-

826 3179 887 3223 tu
946 3171 1341 3240 proficiscendi
1400 3173 1471 3224 ad
1525 3172 1781 3225 Alexium
1854 3174 2075 3235 Sosam,
2149 3186 2275 3224 con-
