2768 3911
737 343 922 383 LIBER
961 343 1023 383 ΙΙ.
1045 361 1117 368 ·—
1138 345 1429 384 EPISTOLA
1465 347 1638 385 XXXII.
1901 348 2003 402 177

379 496 672 540 numerum
736 476 1053 531 litterarum
1121 479 1307 532 Goam
1373 496 1570 532 recens
1632 477 1997 547 perlatarum.

382 576 446 626 In
497 569 564 621 iis
616 573 701 619 est
754 564 1006 633 diploma
1059 584 1171 634 quo
1223 565 1325 619 tibi
1379 566 1441 619 fit
1494 573 1749 634 potestas
1794 566 1998 635 accipi-

379 655 505 711 endi
574 651 896 713 sacerdotii,
968 651 1140 702 etiam
1212 652 1256 703 si
1331 671 1435 703 nec
1498 651 1828 719 patrimonii
1893 653 1998 705 rite

379 746 758 797 contestatum
828 737 1059 789 titulum
1124 738 1394 805 proferaS,
1462 757 1566 790 nec
1630 738 1999 791 ecclesiastici

377 826 630 884 beneficii
695 824 928 887 reditus,
995 826 1144 876 unde
1209 825 1560 888 sustenteris,
1621 844 1841 877 annuos
1902 824 1997 876 ha-

376 912 558 968 bentis
630 909 1050 979 possessionem
1124 912 1348 979 probes,
1425 913 1638 964 Verum
1702 911 1810 965 hac
1879 912 1998 981 qui-

378 1003 504 1053 dem
562 996 830 1049 facultate
887 996 990 1048 tibi
1047 1016 1190 1064 opus
1247 1016 1369 1049 esse
1428 1015 1542 1050 non
1600 1004 1766 1065 puto;
1820 1015 1995 1066 quan-

376 1086 678 1155 doquidem
732 1091 964 1152 paratus
1018 1092 1103 1135 est
1162 1084 1428 1136 dominus
1482 1083 1800 1152 episcopUS,
1873 1084 1997 1136 abs-

377 1191 481 1243 que
562 1170 674 1224 ullo
747 1187 933 1223 rerum
1007 1170 1205 1223 talium
1286 1178 1564 1240 respectU,
1646 1171 1870 1223 initiare
1940 1178 1997 1223 te

375 1257 707 1321 sacerdotio,
761 1256 844 1310 uti
897 1275 1076 1326 nuper
1128 1257 1371 1311 initiavit
1426 1258 1624 1311 Patres
1673 1257 1995 1311 Manuelem

375 1353 428 1397 et
487 1346 821 1412 Gasparem,
881 1361 1024 1411 quos
1081 1343 1173 1395 hic
1234 1344 1434 1396 Cocini
1492 1362 1642 1396 nunc
1699 1344 1993 1406 habemUS,

375 1449 502 1484 mox
553 1430 609 1483 in
662 1430 830 1483 istam
888 1430 1121 1483 Domini
1174 1431 1400 1482 vineam
1453 1438 1643 1483 tecum
1696 1430 1995 1483 fructifica-

373 1524 492 1570 tum
564 1515 938 1584 profecturos.
1018 1516 1282 1568 Indicant
1357 1535 1498 1585 quas
1579 1517 1693 1568 dixi
1772 1517 1994 1579 litterae,

371 1602 617 1665 solvisse,
665 1601 776 1654 huc
836 1609 1106 1654 venturos
1153 1620 1182 1654 e
1232 1602 1546 1665 Lusitania,
1596 1603 1783 1655 socios
1829 1604 1993 1665 duOS,

373 1689 440 1739 de
497 1688 699 1757 quibus
756 1689 910 1756 quod
969 1689 1223 1739 nondum
1281 1688 1620 1756 appulerint,
1675 1707 1801 1740 sum
1855 1707 1992 1740 sane

372 1775 657 1837 sollicitus,
713 1776 860 1827 male
915 1783 1174 1827 metuens
1228 1794 1296 1827 ne
1350 1784 1447 1828 aut
1499 1775 1814 1845 hybernent
1870 1777 1990 1826 Mo-

372 1860 621 1924 sambici,
682 1868 780 1914 aut
840 1862 981 1913 mari
1040 1879 1106 1914 ac
1162 1869 1506 1930 tempestate
1558 1862 1856 1914 contrariis
1908 1880 1988 1913 re-

370 1954 456 2000 tro
506 1947 563 2000 in
618 1947 975 2001 Lusitaniam
1025 1948 1207 2000 coacti
1255 1947 1367 2000 sint
1414 1948 1630 2000 cedere.
1685 1947 1859 1999 Aiunt
1912 1947 1986 1998 al-

370 2041 549 2086 terum
624 2035 847 2087 illorum
924 2036 1264 2087 Lusitanum
1340 2042 1466 2087 ortu
1541 2053 1681 2097 esse,
1748 2034 1986 2087 alterum

373 2122 594 2185 Italum,
648 2123 941 2191 utriusque
995 2142 1231 2191 magnas
1282 2122 1476 2182 laudes
1529 2141 1625 2175 rex
1676 2122 1795 2190 ipse
1847 2140 1987 2190 prae-

370 2207 516 2260 dicat
569 2208 685 2261 suis
736 2210 809 2261 ad
862 2228 953 2261 me
998 2209 1219 2262 litteris,
1277 2210 1556 2261 Perducat
1603 2208 1821 2261 utinam
1868 2226 1984 2260 am·

368 2292 467 2345 bos
523 2295 687 2346 nobis
741 2295 927 2347 salvos
979 2295 1259 2364 propitius
1315 2296 1502 2347 Deus!
1573 2296 1852 2347 Neutrum
1892 2312 1985 2361 ag-

370 2396 556 2445 nosoe,
624 2399 739 2434 non
796 2383 948 2435 enim
1007 2390 1138 2434 sunt
1200 2400 1266 2434 ex
1327 2382 1435 2433 illis
1487 2400 1629 2450 quos
1694 2381 1985 2450 Ulyssipo-

370 2482 436 2518 ne
503 2468 849 2537 reliquimus,
924 2470 1055 2522 Plus
1124 2470 1417 2539 sexaginta
1474 2470 1712 2537 juvenes
1775 2475 1986 2520 nostrae

371 2552 685 2618 SocietatiS,
738 2555 941 2609 litteris
998 2575 1148 2608 nunc
1192 2556 1329 2609 dant
1388 2573 1620 2623 operam
1679 2554 1736 2606 in
1787 2554 1986 2607 acade-

370 2638 477 2691 mia
535 2642 1015 2696 Conimbricensi:
1076 2643 1146 2695 de
1204 2642 1459 2695 omnium
1512 2641 1715 2694 horum
1768 2640 1985 2709 religio-

368 2740 451 2789 ne,
521 2730 819 2794 modestia,
891 2730 1118 2800 ingenio
1162 2721 1254 2782 ‘ea
1322 2730 1646 2782 scribuntur
1714 2747 1841 2797 quae
1904 2728 1986 2778 in-

367 2828 498 2878 gens
553 2816 717 2870 nobis
774 2824 1172 2886 argumentum
1226 2817 1590 2886 suppeditent
1644 2833 1816 2885 quam
1871 2833 1986 2868 ma-

366 2897 540 2955 ximas
589 2923 894 2972 possumus
946 2904 1151 2958 divinae
1202 2903 1444 2957 bonitati
1497 2903 1693 2956 laudes
1746 2919 1812 2955 ac
1863 2919 1984 2970 gra-

366 2989 449 3036 tes
509 2988 804 3043 referendi.
873 2993 1077 3042 Ferme
1142 3009 1341 3042 omnes
1403 2990 1461 3041 in
1511 2988 1807 3041 Lusitania
1868 2988 1986 3040 nati

369 3080 512 3138 sunt,
570 3094 683 3146 quo
749 3078 1028 3148 imprimis
1089 3079 1335 3147 gaude03
1402 3078 1472 3129 de
1524 3075 1693 3128 sociis
1772 3073 1985 3127 Italicis
2033 3117 2035 3119 a

1709 3188 1777 3230 12
