2768 3911
723 301 906 339 LIBER
947 301 1103 339 11.—
1127 302 1419 341 EPIsToLA
1457 302 1510 340 v.
1865 303 1934 356 97

307 435 564 502 Denique
618 432 897 500 imperitae
952 433 1322 494 multitudini,
1378 451 1550 500 quam
1599 433 1801 484 insana
1848 450 1936 484 su-

303 519 559 596 perstitio
613 517 720 570 illis
773 518 1008 581 addixit,
1064 519 1396 571 eorumdem
1453 518 1714 581 ludibria,
1775 517 1938 570 dolos

303 606 509 679 aperiO,
586 612 865 673 quantum
931 622 1095 673 queo.
1181 605 1403 674 Quibus
1468 605 1636 656 rebus
1701 604 1937 657 adducti

305 692 638 763 complureS,
694 691 993 759 repudiato
1046 693 1281 745 deorum
1336 691 1510 754 cultU,
1566 691 1828 745 certatim
1876 692 1936 743 fi-

306 791 403 838 unt
456 778 768 833 christiani.
825 778 992 847 Quod
1045 778 1091 830 si
1147 777 1538 831 Brachmanes
1586 796 1700 831 non
1747 778 1935 832 obsta-

306 878 444 932 rent,
497 864 755 936 profecto
808 884 1008 917 omnes
1060 866 1132 917 ad
1191 865 1405 921 Christi
1459 883 1518 918 se
1566 872 1937 934 aggregarent

307 955 650 1022 religionem.

381 1040 611 1096 Ethnici
670 1039 839 1109 hujus
899 1040 1144 1109 regionis
1205 1039 1489 1108 indigenae
1549 1040 1717 1109 vulgo
1770 1041 1939 1094 rudes

309 1138 435 1185 sunt
486 1129 822 1190 litterarum,
876 1127 1221 1197 flagitiorum
1274 1146 1388 1179 non
1441 1127 1599 1180 item.
1673 1129 1761 1180 Ex
1824 1147 1937 1197 quo

309 1224 562 1283 tempore
636 1213 724 1265 his
788 1213 845 1265 in
910 1213 1048 1265 locis
1121 1231 1331 1276 versor,
1410 1231 1584 1265 unum
1661 1216 1939 1266 duntaxat

313 1299 728 1353 Brachmanem
783 1299 855 1351 ad
909 1298 1124 1351 Christi
1177 1299 1348 1350 fidem
1401 1299 1630 1351 adduxi.
1695 1301 1753 1351 Is
1805 1301 1938 1352 ado-

310 1385 649 1438 lescentulus
711 1402 847 1436 sane
900 1386 1111 1451 probus
1164 1384 1272 1436 hoc
1325 1385 1592 1453 suscepit,
1648 1393 1708 1438 ut
1760 1385 1934 1439 chris-

312 1473 479 1525 tianae
535 1471 810 1523 doctrinae
865 1470 1189 1522 rudimenta
1243 1470 1493 1523 traderet
1536 1471 1743 1539 pueriS.
1810 1473 1936 1541 Ego

315 1557 747 1611 christianorum
818 1557 975 1609 vicos
1039 1556 1397 1620 circumienS,
1462 1575 1564 1626 per
1630 1557 1941 1611 Brachma-

316 1663 447 1698 num
496 1645 646 1697 aedes
697 1644 948 1714 (pagodes
1002 1647 1244 1707 vocant)
1289 1643 1530 1696 transire
1578 1644 1751 1697 soleo.
1830 1646 1940 1698 Ita-

316 1750 420 1802 que
473 1732 611 1784 mihi
665 1750 845 1801 nuper
897 1749 1000 1783 usu
1054 1731 1227 1793 venit,
1277 1739 1337 1783 ut
1400 1734 1682 1801 pagodem
1732 1733 1942 1801 ingres-

317 1837 425 1882 suS,
475 1819 568 1872 ubi
615 1827 776 1872 erant
831 1818 1220 1872 Brachmanes
1273 1818 1386 1871 fere
1440 1820 1688 1884 ducenti,
1744 1839 1939 1874 eorum

317 1906 610 1975 plerosque
671 1906 939 1959 haberem
1003 1905 1200 1958 obvios
1215 1924 1227 1968 3
1300 1906 1493 1960 multis
1554 1908 1741 1962 verbis
1794 1908 1942 1963 ultro

318 1993 568 2062 citroque
626 1992 853 2055 habitis,
913 1992 1148 2060 quaesivi
1201 2011 1268 2044 ex
1321 1993 1420 2056 eis,
1476 1994 1612 2062 quid
1666 1994 1804 2063 ipsis
1857 1995 1943 2048 sui

320 2081 392 2134 dii
444 2081 817 2151 praeciperent
869 2080 942 2133 ad
994 2080 1222 2133 beatam
1275 2079 1471 2133 vitam.
1546 2082 1807 2152 Longum
1863 2081 1944 2134 in-

320 2176 403 2221 ter
446 2187 543 2222 eos
589 2177 878 2222 certamen
923 2169 1159 2232 exstitit,
1208 2170 1335 2237 quis
1385 2169 1751 2238 potissimum
1805 2170 1945 2222 mihi

321 2250 710 2324 responderet:
775 2256 1006 2308 demum
1069 2256 1359 2308 communi
1422 2274 1702 2311 consensu
1757 2258 1945 2311 delata

322 2359 406 2394 res
468 2352 553 2396 est
618 2344 691 2395 ad
757 2361 932 2394 unum
998 2362 1064 2393 ex
1129 2342 1227 2404 eiS,
1282 2342 1395 2412 ‘qui
1465 2351 1704 2396 caeteros
1777 2351 1947 2397 aetate

322 2443 533 2496 usuque
586 2429 859 2482 anteibat.
926 2431 1110 2481 Senex
1162 2430 1332 2497 igitur
1378 2431 1499 2498 jam
1547 2430 1946 2500 octogenarius

323 2512 566 2567 vicissim
614 2534 681 2567 ex
728 2533 817 2568 me
863 2522 1232 2582 percontatus
1286 2524 1389 2579 est,
1439 2517 1575 2585 quid
1622 2517 1949 2570 christianis

324 2618 513 2651 eorum
575 2603 966 2670 praescriberet
1032 2603 1205 2653 DeuS.
1276 2601 1388 2655 Hic
1441 2622 1563 2670 ego,
1619 2602 1771 2656 senis
1823 2621 1945 2671 per-

322 2688 585 2739 versitate
638 2690 884 2756 cognita,
939 2689 1138 2755 negavi
1195 2707 1285 2738 me
1337 2690 1571 2739 verbum
1619 2689 1775 2755 prius
1823 2708 1948 2739 esse

325 2767 620 2838 facturum,
676 2791 847 2844 quam
901 2774 1022 2843 ipse
1075 2774 1147 2825 ad
1202 2791 1285 2836 ea,
1342 2775 1412 2825 de
1464 2775 1669 2843 quibus
1715 2775 1951 2826 interro-

325 2862 486 2920 gatus
539 2867 677 2923 erat,
732 2860 1139 2928 respondisset.
1211 2861 1360 2912 Tum
1414 2861 1521 2924 ille,
1578 2869 1811 2913 coactus
1863 2879 1951 2911 su-

325 2959 413 2995 am
476 2947 714 3013 prodere
779 2946 1083 3010 inscitiam,
1153 2947 1464 3015 respondit,
1520 2948 1658 3001 deos
1711 2948 1798 3012 iis,
1853 2948 1949 3017 qui

327 3028 395 3079 ad
448 3030 602 3098 ipsos
656 3034 734 3086 ire
786 3033 1010 3095 veilent,
1065 3032 1177 3085 duo
1224 3033 1530 3101 imperare:
1586 3034 1850 3097 Primum,
1898 3040 1954 3085 ut

1714 3145 1747 3202 7
