2692 3907
645 376 751 442 338
903 391 1087 429 LIBER
1128 391 1584 429 Iv.-SYMBOL1
1628 389 2030 428 DECLARATIO.

646 521 961 585 conditum,
1048 523 1318 575 comitem
1387 517 1585 575 seeum
1625 559 1630 563 ,
1669 521 2019 574 individuam
2089 521 2288 575 intime

646 609 1014 676 conjunctam
1056 610 1413 662 divinitatem
1459 610 1724 662 eamdem
1790 609 2132 678 ubicumque
2190 608 2284 660 ha-

644 693 785 756 buit,
842 713 1122 763 nusquam
1176 696 1246 748 ab
1301 695 1393 748 illa
1448 696 1804 748 destitutum.

722 783 1011 835 Caeterum
1066 782 1122 834 in
1177 790 1360 835 morte
1413 784 1549 852 Jesu
1605 780 1820 834 Christi
1886 780 1969 833 sol
2022 780 2285 833 obscura-

645 875 737 921 tus
790 876 895 932 est,
950 869 1179 938 proprio
1232 869 1444 922 lumine
1498 868 1727 932 amisso,
1784 875 1935 920 terra
1979 875 2103 920 tota
2154 886 2285 920 con-

644 956 896 1019 tremuit,
946 956 1140 1010 scissae
1187 963 1364 1026 petrae
1412 964 1543 1008 sunt
1591 963 1790 1008 mutuo
1856 955 2022 1019 illisu,
2087 973 2285 1007 monu-

646 1050 842 1095 menta
882 1050 1087 1112 sponte
1127 1051 1482 1096 mortuorum
1523 1052 1775 1111 patuere,
1821 1043 2013 1095 multis
2065 1043 2287 1095 emissis

645 1129 978 1198 corporibus
1044 1137 1372 1184 sanctorum
1438 1130 1754 1194 hominum,
1829 1131 1924 1200 qui
1977 1131 2109 1182 vitae
2163 1131 2285 1181 red-

644 1215 765 1277 diti,
814 1216 1071 1284 plurimis
1117 1217 1173 1268 in
1220 1217 1451 1269 civitate
1496 1216 1859 1285 Jerosolyma
1905 1234 1964 1268 se
2008 1218 2286 1269 videndos

643 1302 1027 1369 praebuerunt.
1095 1304 1313 1371 Quibus
1379 1303 1553 1371 signis
1617 1303 1770 1365 ν1515,
1824 1302 1919 1370 qui
1973 1310 2285 1370 praesentes

645 1387 875 1440 adfuere
928 1389 1193 1441 morienti
1248 1388 1496 1450 Christo,
1559 1389 1806 1440 convicti
1868 1387 2284 1441 exclamarunt:

642 1493 773 1526 vere
825 1474 1021 1543 utique
1073 1474 1229 1528 illum
1285 1475 1392 1527 Dei
1448 1475 1654 1528 Filium
1726 1475 1915 1528 fuisse.
1986 1477 2286 1528 Hactenus

643 1568 873 1615 narrata
951 1563 1196 1615 Sanetus
1271 1561 1521 1633 Jacobus
1598 1561 1913 1631 Apostolus
1994 1562 2285 1630 profitenS‚

644 1649 902 1715 adjunxit
968 1649 1091 1703 haec
1151 1650 1271 1717 jam
1338 1650 1505 1702 dietis
1575 1667 1674 1717 per
1740 1649 1879 1702 alios
1951 1649 2286 1718 Apostolos:

643 1734 812 1788 Credo
865 1734 922 1788 in
972 1735 1160 1806 Jesum
1209 1734 1480 1789 Christum
1525 1735 1615 1805 qui
1655 1740 1838 1805 passus
1885 1740 1956 1789 est
2005 1736 2096 1789 sub
2147 1737 2287 1789 Pon-

643 1824 715 1875 tio
766 1824 977 1886 Pilato,
1032 1824 1325 1891 crucifixm,
1385 1830 1633 1886 mortum,
1709 1830 1755 1875 et
1816 1823 2054 1892 sepultus,

719 1912 887 1982 Jesus
950 1910 1213 1964 Christus
1261 1918 1381 1963 erat
1431 1912 1604 1974 DeUS‚
1655 1910 2121 1980 quandoquidem
2170 1919 2290 1964 erat

645 2000 895 2053 secunda
961 2017 1205 2068 persona
1273 1999 1652 2052 sanctissimae
1719 1999 2045 2051 Trinitatis:
2114 1998 2282 2050 simul

645 2085 796 2137 idem
844 2094 964 2138 erat
1011 2104 1176 2138 verus
1237 2087 1459 2147 Homo;
1524 2093 1723 2153 utpote
1788 2085 1965 2138 Filius
2027 2086 2277 2159 Virginis

651 2174 865 2236 Mariae,
914 2182 1188 2227 constans
1242 2175 1433 2224 anima
1487 2174 1749 2225 rationali
1797 2182 1851 2224 et
1899 2192 2135 2240 corpore
2183 2172 2282 2224 hu-

651 2279 839 2312 mano,
921 2262 1217 2329 Quatenus
1280 2261 1474 2313 Homo
1529 2267 1667 2323 erat,
1709 2277 1839 2313 vere
1893 2268 2151 2312 mortuus
2203 2268 2289 2313 est

657 2347 713 2398 in
761 2365 943 2409 eruce,
990 2348 1219 2415 quando
1263 2355 1347 2398 est
1394 2346 1443 2397 ei
1488 2347 1760 2397 confixus
1810 2348 1966 2397 Mors
2008 2346 2288 2414 siquidem

652 2434 804 2487 aliud
870 2434 1007 2486 nihil
1079 2442 1164 2486 est
1218 2433 1324 2485 nisi
1382 2433 1667 2502 separatio
1720 2433 1926 2486 animae
1974 2452 2007 2485 a
2052 2451 2287 2502 corpore

653 2520 709 2573 in
758 2539 870 2590 quo
917 2528 972 2574 et
1019 2539 1148 2574 eum
1203 2538 1315 2589 quo
1369 2520 1614 2572 vivebat.
1696 2521 2071 2572 Sanctissima
2122 2539 2291 2589 porro

631 2608 847 2660 -anima
885 2610 1021 2677 Jesu
1065 2608 1279 2660 Christi
1320 2608 1582 2675 sejuncta
1622 2616 1707 2660 est
1748 2627 1781 2659 a
1823 2626 2076 2676 corpore,
2116 2627 2289 2676 quan-

656 2696 729 2747 do
777 2695 824 2746 is
870 2694 926 2746 in
975 2712 1138 2746 eruce
1195 2694 1488 2763 expiravit,

728 2783 893 2834 Tune
970 2790 1161 2834 autern
1227 2782 1453 2835 vinculo
1519 2783 1772 2850 corporis
1840 2782 2028 2834 soluta
2101 2783 2294 2834 anima

655 2868 747 2919 illa
795 2867 1197 2930 sacratissima,
1245 2885 1589 2935 permanens
1635 2868 1796 2921 unita
1843 2868 2135 2922 divinitati
2184 2869 2292 2922 Dei

659 2956 807 3018 Filii,
863 2963 923 3007 ut
977 2973 1200 3023 semper
1252 2963 1422 3007 antea
1474 2954 1655 3007 fuerat
1709 2974 1776 3007 ex
1829 2973 1941 3023 quo
2009 2956 2293 3007 Dominus

662 3044 819 3094 Deus
871 3060 998 3094 eam
1064 3041 1294 3104 creavit,
1362 3041 1655 3095 deseendit
1721 3042 1793 3095 ad
1858 3042 2115 3095 limbum.
2184 3045 2291 3095 Est

656 3128 748 3182 hie
801 3129 957 3181 loeus
1011 3130 1411 3181 subterraneus
1457 3128 1513 3180 in
1561 3146 1673 3197 quo
1720 3128 2124 3182 detinebantur
2168 3129 2284 3181 ani-
