2768 3911
702 362 885 403 LIBER
925 364 987 402 11.
1009 379 1081 386 -—
1103 363 1394 403 EPISTOLA
1434 367 1507 402 IX.
1816 363 1918 416 115

294 498 668 559 omittendum
733 496 871 549 mihi
934 496 1147 550 scilicet
1209 497 1567 566 propositum
1627 496 1732 548 erit
1785 496 1915 547 ade-

296 588 426 645 undi
486 583 649 653 regiS,
715 583 866 651 apud
929 601 1098 651 quem
1158 602 1312 636 eram
1366 591 1713 645 tractaturus
1766 600 1916 650 quae-

296 679 423 730 dam
475 691 504 724 e
557 689 615 722 re
668 669 925 738 obsequii
980 669 1174 722 divini.

367 760 489 813 Scis
550 775 720 825 quam
783 757 1044 808 efferetur
1095 756 1204 808 ista
1256 775 1395 824 gens
1452 756 1710 823 raptibus
1762 773 1917 808 man-

296 846 585 915 cipiorum,
640 842 955 910 praesertim
1009 842 1065 892 in
1119 842 1245 894 loco
1292 842 1525 893 ditionis
1571 860 1787 903 eorum,
1835 849 1916 893 at-

297 930 552 990 tentatis;
615 945 729 979 non
792 936 877 980 est
943 928 1178 980 dubium
1232 928 1368 995 quin
1422 946 1623 980 omnes
1676 927 1787 979 illic
1840 927 1918 979 ul-

297 1019 506 1073 tionem
548 1013 820 1076 fremant‚
873 1013 1324 1082 Lusitanamque
1365 1021 1594 1082 gentem
1636 1031 1702 1067 ac
1743 1013 1916 1067 chris-

296 1107 509 1161 tianum
582 1120 791 1155 nomen
866 1101 1226 1155 contumeliis
1298 1100 1686 1171 proscindant.
1766 1099 1918 1154 Huic

298 1191 517 1245 invidiae
570 1207 660 1241 me
713 1189 959 1257 objicere
1011 1189 1333 1241 consultum
1387 1207 1501 1240 non
1557 1189 1647 1241 sit.

369 1279 554 1346 Quare
617 1275 727 1327 alio
793 1275 1161 1343 cogitandum
1227 1276 1349 1337 erit,
1416 1282 1472 1327 et
1534 1275 1919 1343 expediendus

299 1363 525 1416 tandem
572 1361 820 1429 impetus
866 1361 922 1412 in
971 1361 1269 1413 consilium
1317 1362 1468 1428 quod
1518 1362 1734 1413 dudum
1782 1361 1923 1412 mihi

300 1448 491 1519 pellaci
553 1446 742 1516 specie
803 1446 1107 1509 blanditur,
1173 1446 1386 1499 omissa
1447 1446 1628 1510 India,
1689 1446 1782 1499 ubi
1835 1454 1922 1500 tot

302 1535 587 1589 obstacula
643 1534 1084 1602 promulgationi
1144 1533 1430 1602 religionis
1489 1532 1722 1596 Christi,
1776 1534 1926 1586 unde

305 1622 530 1676 minime
567 1629 895 1691 oportuerat
933 1622 1309 1692 objectantur,
1339 1621 1715 1676 transferendi
1749 1640 1840 1675 me
1868 1622 1925 1674 in

305 1709 672 1779 AEthiopiam,
717 1729 830 1778 quo
873 1728 1002 1778 spes
1045 1727 1252 1778 magna
1297 1716 1353 1763 et
1395 1709 1717 1763 verisimilis
1758 1717 1926 1763 vocat

306 1798 407 1850 Dei
437 1798 670 1849 Domini
699 1797 878 1849 nostri
906 1797 1097 1865 gloriae
1128 1796 1427 1865 insigniter
1455 1797 1771 1859 movendae,
1801 1814 1925 1864 pro-

307 1884 604 1955 mulgando
656 1884 767 1937 illic
815 1885 1153 1954 EvangeliO,
1218 1885 1312 1936 ubi
1366 1902 1480 1935 non
1533 1892 1697 1936 erunt
1748 1886 1926 1935 Euro-

307 1970 408 2037 paei
448 1970 539 2039 qui
582 1971 746 2023 nobis
786 1971 1086 2034 obsistant,
1128 1973 1436 2024 evertendo
1465 1980 1743 2039 quantum
1783 1980 1927 2023 stru-

308 2055 466 2108 imus.
551 2057 682 2109 Non
745 2064 802 2110 te
864 2056 985 2110 celo
1048 2074 1138 2110 me
1199 2064 1321 2110 tam
1381 2057 1750 2111 vehementer
1800 2057 1930 2110 illuc

308 2141 529 2212 impelli,
583 2152 645 2197 ut
698 2162 813 2196 non
866 2143 939 2197 sit
992 2142 1373 2207 inverisimile,
1430 2161 1521 2197 me
1573 2142 1665 2197 hic
1733 2144 1928 2197 Mana-

309 2247 436 2299 pare
485 2232 640 2284 brevi
693 2250 1137 2284 conscensurum
1191 2231 1510 2284 naviculam
1559 2251 1625 2283 ex
1672 2231 1740 2283 iis
1786 2250 1928 2300 quas

311 2322 442 2370 tonos
492 2327 718 2382 vocant,
766 2320 1018 2388 qualium
1064 2321 1227 2371 adest
1274 2320 1455 2388 copia,
1495 2338 1606 2388 qua
1653 2338 1762 2381 me,
1808 2319 1929 2370 sine

314 2420 482 2466 mora,
537 2405 679 2457 Goae
722 2405 977 2467 reddam,
1022 2405 1098 2457 ibi
1146 2423 1272 2473 quae
1319 2423 1463 2473 opus
1510 2413 1641 2458 sunt
1687 2406 1759 2458 ad
1806 2424 1931 2473 pro-

313 2486 609 2546 fectionem
662 2492 719 2545 in
772 2500 953 2547 terras
1008 2492 1411 2562 Praestejannis
1468 2500 1785 2562 paraturus

319 2577 538 2700 ADeus
617 2599 721 2633 nos
802 2598 904 2633 suo
983 2578 1190 2633 auxilio
1270 2587 1324 2634 et
1398 2579 1580 2648 gratia
1644 2579 1932 2649 dignetur!

366 2668 510 2704 men.

391 2798 714 2868 Manapare,
768 2817 868 2852 XII.
929 2800 1050 2852 Kal.
1106 2799 1331 2868 Aprilis,
1394 2801 1728 2852 MDXLIV.

459 2944 615 2999 Tuus
667 2946 839 3000 frater
891 2946 948 2999 in
1003 2945 1234 3000 Christo
1288 2946 1735 3009 amantissimuS,

1470 3095 1865 3147 FRANCISCUS.
