2815 3911
807 367 992 407 LIBER
1030 368 1486 408 V.—EPISTOLA
1528 367 1566 407 1.
1894 351 1997 418 361

366 495 506 548 nihil
571 496 784 568 habent
848 507 1055 567 praeter
1117 518 1184 553 ea
1248 499 1477 568 oppida,
1533 498 1628 552 ubi
1679 504 1999 551 versantur.

366 582 660 652 Indigenae
704 583 830 653 ipsi,
875 604 977 655 pro
1020 593 1383 655 peccatorum
1431 583 1826 655 magnitudine
1870 600 1996 637 suo-

362 689 509 734 rum,
554 672 626 724 ad
670 672 1039 725 christianam
1083 674 1412 742 religionem
1458 673 1693 724 minime
1739 689 1999 723 accomo-

366 758 484 809 dati
538 766 688 810 sunt.
745 747 1092 826 Quippe‘ab
1145 777 1210 811 ea
1263 761 1342 811 sic
1396 759 1723 825 abhorrent,
1774 765 1835 810 ut
1883 746 2000 825 rno-

365 842 669 895 lestissime
734 843 935 905 ferant,
1002 845 1048 895 si
1115 846 1345 912 quando
1410 843 1722 895 inferamus
1787 843 1857 894 de
1908 841 2004 897 illa

365 947 715 981 sermonem:
762 932 945 998 rogari
986 939 1177 982 autem
1216 939 1277 982 ut
1319 930 1615 981 christiani
1652 931 1813 990 fiant,
1854 946 2000 979 mor-

364 1013 438 1066 tis
502 1013 681 1067 instar
744 1023 967 1084 putant.
1029 1017 1229 1085 Itaque
1284 1016 1341 1067 in
1395 1015 1721 1068 christianis
1773 1014 2003 1067 tuendis

365 1117 538 1169 opera
581 1100 639 1153 in
681 1102 988 1170 praesentia
1030 1102 1277 1171 ponitur.
1329 1104 1405 1155 Et
1453 1120 1590 1154 sane
1636 1100 1681 1153 si
1733 1099 2002 1169 insignio-

364 1205 427 1239 ra
473 1196 663 1240 essent
713 1189 1119 1241 Lusitanorum
1164 1190 1221 1240 in
1266 1189 1587 1259 neophytos
1630 1188 1837 1250 studia,
1883 1187 2001 1256 plu-

365 1273 493 1325 rimi
539 1275 611 1327 ad
660 1274 952 1329 Christum
1002 1294 1061 1329 se
1107 1283 1508 1345 aggregarent3
1558 1276 1658 1328 sed
1706 1292 1836 1327 cum
1880 1291 2001 1326 eos-

365 1361 494 1412 dem
540 1363 832 1414 contemni
875 1364 1204 1431 despicique
1247 1363 1459 1415 ethnici
1501 1363 1754 1424 videant,
1800 1361 2002 1414 nolunt

363 1447 627 1500 videlicet
673 1448 794 1500 fieri
841 1449 1153 1502 christiani.
1210 1452 1397 1519 Quare
1445 1467 1575 1502 cum
1622 1449 1681 1500 in
1727 1447 1816 1500 his
1861 1447 2003 1500 locis

366 1550 493 1585 mea
557 1551 731 1601 opera
795 1534 1029 1587 minime
1093 1535 1165 1588 sit
1231 1535 1570 1597 necessaria,
1630 1551 1877 1601 cumque
1934 1551 2002 1585 ex

363 1618 584 1671 idoneis
636 1620 965 1673 auctoribus
1012 1621 1324 1690 cognorim,
1371 1619 1660 1692 Japonum
1709 1619 2000 1689 regionem

364 1723 489 1759 esse
524 1706 678 1760 Sinis
724 1708 1104 1776 adjacentem,
1135 1709 1296 1778 cujus
1329 1709 1528 1763 incolae
1559 1725 1758 1762 omnes
1787 1706 2001 1762 ethnici

363 1793 497 1857 sint,
540 1812 573 1847 a
615 1794 914 1848 Saracenis
964 1795 1294 1866 Judaeisque
1347 1815 1578 1865 prorsus
1640 1793 1859 1858 intacti,
1903 1811 2000 1847 no-

362 1899 678 1951 varumque
725 1900 911 1935 rerum
951 1892 1073 1936 tum
1119 1884 1457 1948 divinarum,
1487 1893 1611 1937 tum
1653 1882 2001 1936 naturalium

362 1968 696 2032 avidissimi,
745 1987 811 2022 eo
867 1971 1334 2040 quamprimum
1394 1971 1739 2025 contendere
1804 1969 2000 2024 statui.

367 2058 497 2109 Hoc
525 2076 629 2126 ego
658 2058 765 2111 iter
792 2059 1040 2128 suscipio
1075 2079 1282 2129 magna
1328 2061 1503 2112 animi
1547 2061 1658 2113 mei
1685 2060 2000 2129 voluptate,

365 2144 580 2212 majore
626 2164 743 2212 spe,
793 2147 944 2214 quod
987 2147 1154 2215 plane
1197 2149 1502 2212 confidam,
1531 2149 1589 2200 in
1617 2149 1710 2201 illa
1750 2149 2001 2212 natione,

365 2232 543 2285 nostri
596 2232 805 2285 laboris
859 2235 1073 2287 fructus
1126 2236 1338 2288 solidos
1390 2255 1457 2289 ac
1509 2244 1817 2306 perpetuos
1864 2237 2001 2290 fore.

441 2320 506 2371 In
562 2321 767 2373 Goano
820 2321 1073 2389 collegio,
1128 2323 1217 2375 cui
1265 2340 1298 2375 a
1345 2325 1405 2377 S.
1452 2324 1588 2377 Fide
1635 2340 1847 2376 nomen
1895 2330 2001 2387 est,

364 2412 479 2459 tres
523 2405 736 2459 alumni
782 2414 914 2461 sunt
959 2409 1229 2478 JaponeS,
1273 2410 1368 2478 qui
1410 2430 1477 2464 eo
1520 2429 1745 2465 mecum
1793 2409 2002 2464 Malac-

365 2517 449 2562 ca‚
513 2499 801 2568 superiore
854 2517 1023 2561 anno,
1078 2508 1381 2551 venerunt:
1439 2498 1582 2549 mira
1635 2498 1705 2549 de
1755 2496 2005 2570 Japonia

365 2594 617 2640 narrant.
681 2587 1088 2640 Adolescentes
1147 2594 1277 2639 sunt
1331 2586 1564 2655 optimis
1618 2586 1892 2651 moribu5‚
1947 2602 2002 2639 a·

364 2673 604 2726 cerrimo
649 2672 893 2742 ingenio,
945 2672 1152 2726 Paulus
1199 2672 1498 2740 imprimiS‚
1548 2671 1644 2740 qui
1691 2671 1838 2725 bene
1884 2670 2004 2725 lon-

355 2779 492 2830 gam
553 2761 625 2812 ad
683 2769 739 2813 te
792 2760 1093 2831 epistolam
1147 2759 1342 2812 mittit.
1401 2762 1476 2824 Is,
1532 2768 1664 2812 octo
1719 2759 2004 2812 mensium

365 2849 570 2917 spatio,
633 2849 835 2917 legere,
900 2849 1161 2912 scribere,
1225 2848 1378 2916 loqui
1435 2848 1767 2902 Lusitanice
1820 2848 2004 2917 perdi-

363 2935 530 2989 dicit:
598 2955 748 2988 nunc
812 2935 1037 2989 usitatis
1109 2935 1578 2988 meditationibus
1644 2935 1798 2989 haud
1865 2955 2006 2989 sane

363 3023 639 3077 inutiliter
689 3032 997 3077 exercetur.
1055 3023 1367 3092 Religionis
1413 3023 1740 3078 christianae
1788 3033 1998 3094 myste-

363 3110 459 3162 riis
512 3119 597 3164 est
650 3108 904 3163 imbutus
957 3110 1112 3162 satis.
1171 3112 1442 3178 Magnam
1498 3111 1554 3162 in
1602 3131 1763 3180 spem
1810 3112 1998 3179 venio,
