2768 3911
687 375 870 416 [ABER
911 375 972 415 11.
996 376 1382 414 —EPISTOLA
1420 376 1508 413 xx.
1814 374 1912 426 141

363 514 507 570 Dedi
571 511 744 565 etiam
798 511 870 563 ad
932 509 1265 579 praefectum
1329 510 1565 572 litteraS,
1629 526 1799 561 orans
1856 515 1918 560 ut

293 601 574 672 navigium
653 598 855 667 majUS‚
921 598 1073 667 quod
1145 605 1353 650 vocant
1423 603 1669 659 caturam,
1738 612 1919 647 arma-

292 704 410 747 tum
471 685 738 756 praesidio
806 685 1080 737 naviculis
1134 686 1376 737 istorum
1431 683 1742 735 inermibus
1794 682 1921 734 mit-

294 784 451 832 teret.
505 772 593 824 Tu
647 771 820 823 etiam
874 777 1047 838 atque
1100 770 1273 822 etiam
1326 769 1701 838 ingeminanS,
1739 768 1921 837 injun-

296 882 359 934 ge
411 877 522 914 orae
576 856 794 934 inco-lis,
848 855 1166 925 praesertim
1220 855 1625 908 remotioribus
1677 872 1711 906 a
1763 854 1924 916 mari,

298 960 355 1004 ut
400 945 784 1016 speculatores
830 944 975 996 fidos
1020 951 1076 996 et
1121 943 1318 1011 vigiles
1361 943 1592 996 idoneis
1631 942 1772 995 locis
1815 949 1926 995 sta-

298 1043 474 1096 tuant,
529 1031 625 1100 qui
679 1030 969 1098 explorata
1022 1029 1079 1080 in
1132 1028 1302 1081 horas
1354 1028 1651 1090 nuncient,
1700 1046 1771 1081 ne
1816 1046 1928 1096 qua

302 1129 571 1176 nocturna
629 1118 917 1187 equitatus
973 1117 1296 1169 incursione
1354 1115 1773 1185 opprimantur,
1832 1134 1927 1167 an-

302 1219 526 1278 tequam
586 1206 967 1279 conscendere
1024 1213 1253 1274 paratas
1316 1222 1507 1267 naveS,
1561 1212 1617 1256 et
1669 1212 1820 1256 terra
1872 1203 1929 1255 in

303 1304 482 1351 tutum
542 1299 752 1362 queant
812 1291 993 1344 evehi.
1056 1293 1169 1344 Sed
1223 1309 1353 1343 cum
1409 1291 1533 1343 haec
1589 1291 1930 1344 instantissi-

307 1400 391 1434 me
451 1380 959 1441 commendaveriS,
1026 1398 1224 1447 parum
1290 1378 1429 1446 ipsis
1489 1379 1635 1431 fidas
1706 1397 1930 1431 censeo.

309 1467 448 1521 Novi
513 1483 617 1534 ego
687 1464 1008 1517 socordiam
1074 1473 1129 1517 et
1194 1465 1566 1517 tenacitatem
1641 1464 1932 1533 ignavissi-

309 1571 454 1606 mam
519 1551 777 1614 istorum,
839 1569 982 1620 quos
1048 1552 1290 1604 duorum
1344 1552 1571 1621 fanoum
1637 1559 1934 1621 sumptum

310 1639 363 1691 in
423 1647 541 1691 tam
607 1637 958 1690 necessarios
1029 1637 1226 1706 vigiles
1292 1638 1476 1690 facere
1550 1638 1760 1706 pigeat.
1845 1639 1934 1690 Tu

313 1725 444 1793 ipse,
496 1742 596 1792 per
646 1732 704 1775 te
759 1742 826 1775 ac
884 1724 987 1775 tibi
1040 1725 1185 1775 fidos
1242 1723 1429 1791 vigila,
1484 1732 1540 1777 et
1594 1742 1756 1790 cura,
1814 1724 1934 1791 jam

314 1828 455 1861 nunc
532 1811 792 1861 deductis
868 1810 926 1860 in
1003 1828 1158 1861 mare
1236 1810 1473 1878 cymbiS,
1543 1808 1823 1862 mulieres*
1882 1819 1938 1863 et

314 1893 568 1963 parvulos
619 1894 835 1964 imponi
890 1912 1122 1964 urgens;
1182 1896 1357 1948 uteris
1410 1896 1582 1947 etiam
1638 1896 1937 1947 occasione

315 1981 484 2034 tristis
564 1982 841 2049 temporis
923 1984 995 2035 ad
1078 1991 1241 2036 tanto
1324 1983 1632 2036 instantius
1716 1983 1939 2052 exigen-
2011 1989 2016 1993 ’

319 2069 464 2129 dum,
523 2069 769 2118 maxime
821 2069 892 2118 ab
945 2068 1156 2119 imbelli
1210 2087 1345 2120 sexu
1399 2077 1455 2120 et
1509 2076 1697 2130 aetate,
1753 2077 1813 2121 ut
1870 2070 1941 2121 ad

322 2156 497 2207 Deum
544 2155 852 2207 recitandis
898 2156 1250 2207 orationibus
1297 2164 1605 2208 recurrant.
1669 2154 1944 2223 Magister

321 2243 508 2294 orandi
576 2243 827 2311 optimus
896 2252 1081 2295 metus
1143 2252 1246 2305 est,
1311 2244 1595 2312 praecipue
1663 2263 1813 2305 cum,
1883 2252 1943 2295 ut

321 2326 436 2381 istis
510 2347 677 2393 nunc,
757 2348 870 2382 non
948 2330 1175 2382 aliunde
1253 2348 1425 2400 quam
1498 2349 1531 2382 a
1611 2331 1735 2382 Deo
1813 2348 1942 2398 spes

324 2415 502 2467 auxilii
553 2417 800 2486 affulget.

395 2500 566 2555 Deest
627 2501 720 2555 hic
782 2502 921 2555 mihi
984 2504 1055 2555 ad
1119 2504 1482 2556 scribendum
1546 2504 1761 2556 charta.
1836 2506 1944 2555 Re-

326 2601 616 2650 posueram
660 2590 812 2656 apud
855 2608 975 2652 VOS,
1020 2590 1077 2641 in
1121 2590 1311 2658 capsa,
1343 2591 1652 2659 quamdam
1697 2592 1820 2659 ejus
1866 2592 1946 2645 rei

329 2673 541 2740 copiam
557 2695 569 2737 3
633 2695 700 2728 ex
762 2696 845 2740 ea,
900 2685 1178 2746 quantum
1232 2686 1317 2730 est
1382 2696 1526 2746 opus
1578 2677 1650 2730 ad
1703 2696 1945 2746 praesen-

326 2765 437 2811 tem
493 2781 676 2828 usum,
720 2784 822 2834 per
873 2775 1091 2818 certum
1145 2766 1433 2818 hominem
1490 2766 1767 2818 curriculo
1820 2766 1946 2820 mit·

328 2848 412 2896 tas
468 2848 653 2902 velim.
721 2852 828 2903 Per
879 2853 1143 2904 eumdem
1197 2860 1326 2905 tuas
1377 2852 1596 2905 litteras
1660 2861 1946 2922 exspectO,

331 2946 450 2995 quae
513 2952 602 2986 me
668 2937 930 3000 doceant,
998 2938 1201 3005 ecquid
1260 2939 1385 3013 jam
1447 2938 1504 2989 in
1569 2956 1717 3006 aqua
1775 2957 1949 2992 naves

333 3022 494 3081 stent,
548 3023 750 3090 ecquid
798 3024 919 3092 jam
972 3024 1241 3092 imposita
1292 3024 1360 3076 iis
1392 3024 1723 3078 domestica
1769 3025 1949 3093 supel-

332 3099 413 3153 lex
492 3116 545 3158 et
622 3118 822 3162 tenues
899 3110 1077 3178 copiae
1155 3109 1595 3178 periclitantium
1674 3111 1730 3162 in
1802 3119 1951 3164 terra
