<?xml version="1.0" encoding="UTF-8"?>
<!DOCTYPE html PUBLIC "-//W3C//DTD XHTML 1.0 Transitional//EN"
    "http://www.w3.org/TR/xhtml1/DTD/xhtml1-transitional.dtd">
<html xmlns="http://www.w3.org/1999/xhtml" xml:lang="en" lang="en">
 <head>
  <title>
</title>
<meta http-equiv="Content-Type" content="text/html;charset=utf-8" />
  <meta name='ocr-system' content='tesseract 3.04.00' />
  <meta name='ocr-capabilities' content='ocr_page ocr_carea ocr_par ocr_line ocrx_word'/>
</head>
<body>
  <div class='ocr_page' id='page_1' title='image "./pts_epistolae_3720-0638_v1_0281.png"; bbox 0 0 2692 3907; ppageno 0'>
   <div class='ocr_carea' id='block_1_1' title="bbox 0 0 2692 1176">
    <p class='ocr_par' dir='ltr' id='par_1_1' title="bbox 0 0 2692 1176">
     <span class='ocr_line' id='line_1_1' title="bbox 0 0 2692 463; baseline 0 0"><span class='ocrx_word' id='word_1_1' title='bbox 0 0 2692 463; x_wconf 95' lang='lat' dir='ltr'><em>  </em></span> <span class='ocrx_word' id='word_1_2' title='bbox 1949 374 2692 463; x_wconf 95' lang='lat' dir='ltr'><em> </em></span> 
     </span>
     <span class='ocr_line' id='line_1_2' title="bbox 0 463 2538 805; baseline 0 -106"><span class='ocrx_word' id='word_1_3' title='bbox 0 463 2538 805; x_wconf 95' lang='lat' dir='ltr'><em>    </em></span> 
     </span>
     <span class='ocr_line' id='line_1_3' title="bbox 0 805 1141 949; baseline 0 2958"><span class='ocrx_word' id='word_1_4' title='bbox 0 805 1141 949; x_wconf 95' lang='lat' dir='ltr'><em> </em></span> 
     </span>
     <span class='ocr_line' id='line_1_4' title="bbox 0 949 2540 1176; baseline 0 -42"><span class='ocrx_word' id='word_1_5' title='bbox 0 949 2540 1176; x_wconf 95' lang='lat' dir='ltr'><em>   </em></span> 
     </span>
    </p>
   </div>
   <div class='ocr_carea' id='block_1_2' title="bbox 1121 396 1949 441">
    <p class='ocr_par' dir='ltr' id='par_1_2' title="bbox 1121 396 1949 441">
     <span class='ocr_line' id='line_1_5' title="bbox 1121 396 1949 441; baseline -0.001 -1"><span class='ocrx_word' id='word_1_6' title='bbox 1121 396 1304 441; x_wconf 82' lang='lat' dir='ltr'>LIBER</span> <span class='ocrx_word' id='word_1_7' title='bbox 1346 397 1421 441; x_wconf 88' lang='lat' dir='ltr'><em>IV.</em></span> <span class='ocrx_word' id='word_1_8' title='bbox 1444 420 1516 426; x_wconf 89' lang='lat'><strong>—</strong></span> <span class='ocrx_word' id='word_1_9' title='bbox 1537 397 1832 441; x_wconf 84' lang='lat' dir='ltr'>EPISTOLA</span> <span class='ocrx_word' id='word_1_10' title='bbox 1874 396 1949 440; x_wconf 84' lang='lat' dir='ltr'><em>IV.</em></span> 
     </span>
    </p>
   </div>
   <div class='ocr_carea' id='block_1_3' title="bbox 1183 608 1883 669">
    <p class='ocr_par' dir='ltr' id='par_1_3' title="bbox 1183 608 1883 669">
     <span class='ocr_line' id='line_1_6' title="bbox 1183 608 1883 669; baseline 0 -2"><span class='ocrx_word' id='word_1_11' title='bbox 1183 608 1668 669; x_wconf 79' lang='lat' dir='ltr'><em>EPISTOLA</em></span> <span class='ocrx_word' id='word_1_12' title='bbox 1757 608 1883 667; x_wconf 82' lang='lat' dir='ltr'><em>IV.</em></span> 
     </span>
    </p>
   </div>
   <div class='ocr_carea' id='block_1_4' title="bbox 1512 805 2539 949">
    <p class='ocr_par' dir='ltr' id='par_1_4' title="bbox 1512 805 2539 949">
     <span class='ocr_line' id='line_1_7' title="bbox 1512 805 2539 949; baseline 0 -19"><span class='ocrx_word' id='word_1_13' title='bbox 1512 805 2539 949; x_wconf 95' lang='lat' dir='ltr'><em>   </em></span> 
     </span>
    </p>
   </div>
   <div class='ocr_carea' id='block_1_5' title="bbox 1141 841 1926 913">
    <p class='ocr_par' dir='ltr' id='par_1_5' title="bbox 1141 841 1926 913">
     <span class='ocr_line' id='line_1_8' title="bbox 1141 841 1926 913; baseline -0.003 -10"><span class='ocrx_word' id='word_1_14' title='bbox 1141 841 1512 913; x_wconf 89' lang='lat' dir='ltr'><em>Societati,</em></span> <span class='ocrx_word' id='word_1_15' title='bbox 1589 842 1926 901; x_wconf 83' lang='lat' dir='ltr'><strong>Romam.</strong></span> 
     </span>
    </p>
   </div>
   <div class='ocr_carea' id='block_1_6' title="bbox 0 1035 2557 2216">
    <p class='ocr_par' dir='ltr' id='par_1_6' title="bbox 0 1035 2557 2216">
     <span class='ocr_line' id='line_1_9' title="bbox 0 1035 2540 1265; baseline 0 -27"><span class='ocrx_word' id='word_1_16' title='bbox 0 1176 140 1265; x_wconf 95' lang='lat' dir='ltr'><em>  </em></span> <span class='ocrx_word' id='word_1_17' title='bbox 2346 1035 2540 1265; x_wconf 95' lang='lat' dir='ltr'><em>   </em></span> 
     </span>
     <span class='ocr_line' id='line_1_10' title="bbox 0 1265 2542 1353; baseline 0 -22"><span class='ocrx_word' id='word_1_18' title='bbox 0 1265 140 1353; x_wconf 95' lang='lat' dir='ltr'><em>  </em></span> <span class='ocrx_word' id='word_1_19' title='bbox 2530 1265 2542 1353; x_wconf 95' lang='lat' dir='ltr'><em>  </em></span> 
     </span>
     <span class='ocr_line' id='line_1_11' title="bbox 0 1353 2546 1527; baseline 0 0"><span class='ocrx_word' id='word_1_20' title='bbox 0 1353 140 1527; x_wconf 95' lang='lat' dir='ltr'><em>  </em></span> <span class='ocrx_word' id='word_1_21' title='bbox 2530 1353 2546 1527; x_wconf 95' lang='lat' dir='ltr'><em>  </em></span> 
     </span>
     <span class='ocr_line' id='line_1_12' title="bbox 0 1527 2550 1705; baseline 0 0"><span class='ocrx_word' id='word_1_22' title='bbox 0 1527 142 1705; x_wconf 95' lang='lat' dir='ltr'><em>   </em></span> <span class='ocrx_word' id='word_1_23' title='bbox 2533 1527 2550 1705; x_wconf 95' lang='lat' dir='ltr'><em>   </em></span> 
     </span>
     <span class='ocr_line' id='line_1_13' title="bbox 0 1705 2554 2051; baseline 0 -82"><span class='ocrx_word' id='word_1_24' title='bbox 0 1705 721 2051; x_wconf 95' lang='lat' dir='ltr'><em>    </em></span> <span class='ocrx_word' id='word_1_25' title='bbox 1663 1705 2554 2051; x_wconf 95' lang='lat' dir='ltr'><em>    </em></span> 
     </span>
     <span class='ocr_line' id='line_1_14' title="bbox 0 2051 2557 2216; baseline 0 0"><span class='ocrx_word' id='word_1_26' title='bbox 0 2051 2557 2216; x_wconf 95' lang='lat' dir='ltr'><em>   </em></span> 
     </span>
    </p>
   </div>
   <div class='ocr_carea' id='block_1_7' title="bbox 711 1070 2350 2017">
    <p class='ocr_par' dir='ltr' id='par_1_7' title="bbox 711 1070 2350 2017">
     <span class='ocr_line' id='line_1_15' title="bbox 791 1070 2346 1141; baseline -0.002 -16"><span class='ocrx_word' id='word_1_27' title='bbox 791 1074 875 1125; x_wconf 91' lang='lat' dir='ltr'><em>De</em></span> <span class='ocrx_word' id='word_1_28' title='bbox 934 1091 1031 1125; x_wconf 90' lang='lat' dir='ltr'><em>sua</em></span> <span class='ocrx_word' id='word_1_29' title='bbox 1080 1091 1104 1125; x_wconf 95' lang='lat' dir='ltr'><em>e</em></span> <span class='ocrx_word' id='word_1_30' title='bbox 1158 1073 1441 1126; x_wconf 74' lang='lat' dir='ltr'><em>Cornorino</em></span> <span class='ocrx_word' id='word_1_31' title='bbox 1499 1072 1870 1125; x_wconf 79' lang='lat' dir='ltr'><em>Macazariam</em></span> <span class='ocrx_word' id='word_1_32' title='bbox 1931 1089 2102 1123; x_wconf 84' lang='lat' dir='ltr'><em>versus</em></span> <span class='ocrx_word' id='word_1_33' title='bbox 2148 1070 2346 1141; x_wconf 75' lang='lat' dir='ltr'><em>profec-</em></span> 
     </span>
     <span class='ocr_line' id='line_1_16' title="bbox 720 1160 2345 1230; baseline 0.001 -19"><span class='ocrx_word' id='word_1_34' title='bbox 720 1160 872 1212; x_wconf 79' lang='lat' dir='ltr'><em>tione.</em></span> <span class='ocrx_word' id='word_1_35' title='bbox 943 1162 1027 1212; x_wconf 87' lang='lat' dir='ltr'><em>De</em></span> <span class='ocrx_word' id='word_1_36' title='bbox 1075 1160 1231 1230; x_wconf 77' lang='lat' dir='ltr'><em>gestis</em></span> <span class='ocrx_word' id='word_1_37' title='bbox 1272 1160 1525 1213; x_wconf 78' lang='lat' dir='ltr'><em>Malaccae</em></span> <span class='ocrx_word' id='word_1_38' title='bbox 1575 1167 1622 1213; x_wconf 76' lang='lat' dir='ltr'><em>et</em></span> <span class='ocrx_word' id='word_1_39' title='bbox 1671 1160 1947 1213; x_wconf 80' lang='lat' dir='ltr'><em>Amboini.</em></span> <span class='ocrx_word' id='word_1_40' title='bbox 2000 1161 2084 1213; x_wconf 89' lang='lat' dir='ltr'><em>De</em></span> <span class='ocrx_word' id='word_1_41' title='bbox 2135 1160 2345 1212; x_wconf 88' lang='lat' dir='ltr'><em>Mauri-</em></span> 
     </span>
     <span class='ocr_line' id='line_1_17' title="bbox 719 1247 2349 1318; baseline 0.001 -19"><span class='ocrx_word' id='word_1_42' title='bbox 719 1267 797 1310; x_wconf 89' lang='lat' dir='ltr'><em>ca,</em></span> <span class='ocrx_word' id='word_1_43' title='bbox 872 1247 1074 1317; x_wconf 81' lang='lat' dir='ltr'><em>ejusque</em></span> <span class='ocrx_word' id='word_1_44' title='bbox 1137 1247 1386 1318; x_wconf 80' lang='lat' dir='ltr'><em>periculis</em></span> <span class='ocrx_word' id='word_1_45' title='bbox 1455 1247 1519 1299; x_wconf 84' lang='lat' dir='ltr'><em>ab</em></span> <span class='ocrx_word' id='word_1_46' title='bbox 1582 1247 1690 1318; x_wconf 79' lang='lat' dir='ltr'><em>ipso</em></span> <span class='ocrx_word' id='word_1_47' title='bbox 1754 1247 2048 1317; x_wconf 76' lang='lat' dir='ltr'><em>contemptis</em></span> <span class='ocrx_word' id='word_1_48' title='bbox 2059 1268 2080 1309; x_wconf 87' lang='lat'><em>,·</em></span> <span class='ocrx_word' id='word_1_49' title='bbox 2144 1265 2349 1300; x_wconf 82' lang='lat' dir='ltr'><em>summa</em></span> 
     </span>
     <span class='ocr_line' id='line_1_18' title="bbox 711 1335 2347 1405; baseline 0 -18"><span class='ocrx_word' id='word_1_50' title='bbox 711 1335 950 1405; x_wconf 80' lang='lat' dir='ltr'><em>pericula</em></span> <span class='ocrx_word' id='word_1_51' title='bbox 1020 1336 1079 1387; x_wconf 91' lang='lat' dir='ltr'><em>in</em></span> <span class='ocrx_word' id='word_1_52' title='bbox 1149 1336 1213 1386; x_wconf 94' lang='lat' dir='ltr'><em>M</em></span> <span class='ocrx_word' id='word_1_53' title='bbox 1218 1335 1442 1387; x_wconf 82' lang='lat' dir='ltr'><em>olucensi</em></span> <span class='ocrx_word' id='word_1_54' title='bbox 1513 1335 1697 1387; x_wconf 77' lang='lat' dir='ltr'><em>itinere</em></span> <span class='ocrx_word' id='word_1_55' title='bbox 1765 1335 2030 1403; x_wconf 73' lang='lat' dir='ltr'><em>singulari</em></span> <span class='ocrx_word' id='word_1_56' title='bbox 2092 1335 2201 1387; x_wconf 87' lang='lat' dir='ltr'><em>Dei</em></span> <span class='ocrx_word' id='word_1_57' title='bbox 2263 1341 2347 1404; x_wconf 76' lang='lat' dir='ltr'><em>ope</em></span> 
     </span>
     <span class='ocr_line' id='line_1_19' title="bbox 716 1422 2345 1494; baseline 0 -19"><span class='ocrx_word' id='word_1_58' title='bbox 716 1428 975 1494; x_wconf 77' lang='lat' dir='ltr'><em>superata.</em></span> <span class='ocrx_word' id='word_1_59' title='bbox 1049 1422 1347 1494; x_wconf 78' lang='lat' dir='ltr'><em>Religionis</em></span> <span class='ocrx_word' id='word_1_60' title='bbox 1419 1423 1612 1475; x_wconf 67' lang='lat' dir='ltr'><em>divinae</em></span> <span class='ocrx_word' id='word_1_61' title='bbox 1684 1424 1822 1494; x_wconf 80' lang='lat' dir='ltr'><em>apud</em></span> <span class='ocrx_word' id='word_1_62' title='bbox 1893 1423 2054 1476; x_wconf 86' lang='lat' dir='ltr'><em>Sinas</em></span> <span class='ocrx_word' id='word_1_63' title='bbox 2126 1423 2345 1476; x_wconf 86' lang='lat' dir='ltr'><em>indicia.</em></span> 
     </span>
     <span class='ocr_line' id='line_1_20' title="bbox 719 1510 2347 1581; baseline 0 -17"><span class='ocrx_word' id='word_1_64' title='bbox 719 1512 804 1564; x_wconf 90' lang='lat' dir='ltr'><em>De</em></span> <span class='ocrx_word' id='word_1_65' title='bbox 866 1511 1018 1564; x_wconf 88' lang='lat' dir='ltr'><em>sociis</em></span> <span class='ocrx_word' id='word_1_66' title='bbox 1079 1511 1242 1563; x_wconf 88' lang='lat' dir='ltr'><em>denuo</em></span> <span class='ocrx_word' id='word_1_67' title='bbox 1304 1511 1474 1564; x_wconf 80' lang='lat' dir='ltr'><em>Goam</em></span> <span class='ocrx_word' id='word_1_68' title='bbox 1535 1510 1778 1581; x_wconf 73' lang='lat' dir='ltr'><em>appulsis,</em></span> <span class='ocrx_word' id='word_1_69' title='bbox 1842 1529 1901 1563; x_wconf 91' lang='lat' dir='ltr'><em>ac</em></span> <span class='ocrx_word' id='word_1_70' title='bbox 1962 1511 2021 1563; x_wconf 88' lang='lat' dir='ltr'><em>de</em></span> <span class='ocrx_word' id='word_1_71' title='bbox 2081 1510 2347 1564; x_wconf 79' lang='lat' dir='ltr'><em>domicilio</em></span> 
     </span>
     <span class='ocr_line' id='line_1_21' title="bbox 722 1599 2348 1670; baseline -0.001 -18"><span class='ocrx_word' id='word_1_72' title='bbox 722 1599 998 1652; x_wconf 74' lang='lat' dir='ltr'><em>Societatis</em></span> <span class='ocrx_word' id='word_1_73' title='bbox 1070 1600 1209 1670; x_wconf 80' lang='lat' dir='ltr'><em>apud</em></span> <span class='ocrx_word' id='word_1_74' title='bbox 1279 1600 1344 1652; x_wconf 94' lang='lat' dir='ltr'><em>M</em></span> <span class='ocrx_word' id='word_1_75' title='bbox 1347 1599 1551 1652; x_wconf 74' lang='lat' dir='ltr'><em>olucurn</em></span> <span class='ocrx_word' id='word_1_76' title='bbox 1613 1599 1843 1669; x_wconf 80' lang='lat' dir='ltr'><em>figendo,</em></span> <span class='ocrx_word' id='word_1_77' title='bbox 1919 1600 2002 1652; x_wconf 90' lang='lat' dir='ltr'><em>De</em></span> <span class='ocrx_word' id='word_1_78' title='bbox 2071 1599 2348 1652; x_wconf 72' lang='lat' dir='ltr'><em>Saracenis</em></span> 
     </span>
     <span class='ocr_line' id='line_1_22' title="bbox 726 1675 2350 1755; baseline -0.001 -15"><span class='ocrx_word' id='word_1_79' title='bbox 726 1685 1037 1755; x_wconf 80' lang='lat' dir='ltr'><em>ethnicisque</em></span> <span class='ocrx_word' id='word_1_80' title='bbox 1118 1685 1557 1739; x_wconf 81' lang='lat' dir='ltr'><em>Amboinensibus</em></span> <span class='ocrx_word' id='word_1_81' title='bbox 1577 1707 1597 1747; x_wconf 88' lang='grc'><em>,·</em></span> <span class='ocrx_word' id='word_1_82' title='bbox 1688 1686 1747 1738; x_wconf 87' lang='lat' dir='ltr'><em>de</em></span> <span class='ocrx_word' id='word_1_83' title='bbox 1829 1685 2124 1738; x_wconf 81' lang='lat' dir='ltr'><em>insularum</em></span> <span class='ocrx_word' id='word_1_84' title='bbox 2160 1675 2163 1677; x_wconf 40' lang='grc'><strong>’</strong></span> <span class='ocrx_word' id='word_1_85' title='bbox 2204 1685 2350 1738; x_wconf 85' lang='lat' dir='ltr'><em>illius</em></span> 
     </span>
     <span class='ocr_line' id='line_1_23' title="bbox 722 1774 2346 1843; baseline -0.001 -17"><span class='ocrx_word' id='word_1_86' title='bbox 722 1780 915 1827; x_wconf 76' lang='lat' dir='ltr'><em>tractus</em></span> <span class='ocrx_word' id='word_1_87' title='bbox 974 1780 1187 1836; x_wconf 87' lang='lat' dir='ltr'><em>natura,</em></span> <span class='ocrx_word' id='word_1_88' title='bbox 1250 1774 1637 1843; x_wconf 79' lang='lat' dir='ltr'><em>incolarumque</em></span> <span class='ocrx_word' id='word_1_89' title='bbox 1699 1774 1926 1825; x_wconf 81' lang='lat' dir='ltr'><em>moribus</em></span> <span class='ocrx_word' id='word_1_90' title='bbox 1983 1780 2030 1825; x_wconf 78' lang='lat' dir='ltr'><em>et</em></span> <span class='ocrx_word' id='word_1_91' title='bbox 2080 1775 2317 1825; x_wconf 81' lang='lat' dir='ltr'><em>doctrina</em></span> <span class='ocrx_word' id='word_1_92' title='bbox 2326 1796 2346 1837; x_wconf 90' lang='lat'><em>;</em></span> 
     </span>
     <span class='ocr_line' id='line_1_24' title="bbox 725 1861 2349 1933; baseline 0.002 -20"><span class='ocrx_word' id='word_1_93' title='bbox 725 1869 833 1913; x_wconf 73' lang='lat' dir='ltr'><em>tuin</em></span> <span class='ocrx_word' id='word_1_94' title='bbox 907 1862 966 1913; x_wconf 87' lang='lat' dir='ltr'><em>de</em></span> <span class='ocrx_word' id='word_1_95' title='bbox 1029 1868 1181 1933; x_wconf 80' lang='lat' dir='ltr'><em>capro</em></span> <span class='ocrx_word' id='word_1_96' title='bbox 1245 1861 1411 1912; x_wconf 64' lang='lat' dir='ltr'><em>haedos</em></span> <span class='ocrx_word' id='word_1_97' title='bbox 1477 1862 1714 1912; x_wconf 75' lang='lat' dir='ltr'><em>lactante.</em></span> <span class='ocrx_word' id='word_1_98' title='bbox 1781 1862 2055 1914; x_wconf 77' lang='lat' dir='ltr'><em>Sociorum</em></span> <span class='ocrx_word' id='word_1_99' title='bbox 2109 1868 2349 1933; x_wconf 75' lang='lat' dir='ltr'><em>perpetuo</em></span> 
     </span>
     <span class='ocr_line' id='line_1_25' title="bbox 721 1948 1663 2017; baseline 0 -17"><span class='ocrx_word' id='word_1_100' title='bbox 721 1964 932 2010; x_wconf 66' lang='lat' dir='ltr'><em>mernor,</em></span> <span class='ocrx_word' id='word_1_101' title='bbox 976 1953 1148 2017; x_wconf 79' lang='lat' dir='ltr'><em>preces</em></span> <span class='ocrx_word' id='word_1_102' title='bbox 1199 1965 1376 2001; x_wconf 82' lang='lat' dir='ltr'><em>eorum</em></span> <span class='ocrx_word' id='word_1_103' title='bbox 1427 1948 1663 2016; x_wconf 72' lang='lat' dir='ltr'><em>exposcit.</em></span> 
     </span>
    </p>
   </div>
   <div class='ocr_carea' id='block_1_8' title="bbox 720 2107 2346 2264">
    <p class='ocr_par' dir='ltr' id='par_1_8' title="bbox 720 2107 2346 2264">
     <span class='ocr_line' id='line_1_26' title="bbox 794 2107 2346 2180; baseline 0 -18"><span class='ocrx_word' id='word_1_104' title='bbox 794 2108 997 2162; x_wconf 83' lang='lat' dir='ltr'><em>Gratia</em></span> <span class='ocrx_word' id='word_1_105' title='bbox 1048 2116 1104 2161; x_wconf 88' lang='lat' dir='ltr'><em>et</em></span> <span class='ocrx_word' id='word_1_106' title='bbox 1157 2107 1405 2161; x_wconf 82' lang='lat' dir='ltr'><em>charitas</em></span> <span class='ocrx_word' id='word_1_107' title='bbox 1460 2108 1694 2160; x_wconf 87' lang='lat' dir='ltr'><em>Domini</em></span> <span class='ocrx_word' id='word_1_108' title='bbox 1747 2108 1927 2162; x_wconf 83' lang='lat' dir='ltr'><em>nostri</em></span> <span class='ocrx_word' id='word_1_109' title='bbox 1973 2111 2110 2180; x_wconf 87' lang='lat' dir='ltr'><em>Jesu</em></span> <span class='ocrx_word' id='word_1_110' title='bbox 2158 2109 2346 2163; x_wconf 89' lang='lat' dir='ltr'><em>Chris-</em></span> 
     </span>
     <span class='ocr_line' id='line_1_27' title="bbox 720 2196 1815 2264; baseline -0.001 -13"><span class='ocrx_word' id='word_1_111' title='bbox 720 2197 763 2251; x_wconf 88' lang='lat' dir='ltr'><em>ti</em></span> <span class='ocrx_word' id='word_1_112' title='bbox 817 2197 890 2251; x_wconf 90' lang='lat' dir='ltr'><em>sit</em></span> <span class='ocrx_word' id='word_1_113' title='bbox 944 2196 1240 2251; x_wconf 90' lang='lat' dir='ltr'><em>nobiscum</em></span> <span class='ocrx_word' id='word_1_114' title='bbox 1296 2198 1545 2264; x_wconf 82' lang='lat' dir='ltr'><em>semper!</em></span> <span class='ocrx_word' id='word_1_115' title='bbox 1614 2198 1815 2250; x_wconf 92' lang='lat' dir='ltr'><em>Amen.</em></span> 
     </span>
    </p>
   </div>
   <div class='ocr_carea' id='block_1_9' title="bbox 0 2071 2692 3907">
    <p class='ocr_par' dir='ltr' id='par_1_9' title="bbox 0 2071 2692 3907">
     <span class='ocr_line' id='line_1_28' title="bbox 0 2071 2566 2569; baseline 0 -271"><span class='ocrx_word' id='word_1_116' title='bbox 0 2216 154 2569; x_wconf 95' lang='lat' dir='ltr'><em>  </em></span> <span class='ocrx_word' id='word_1_117' title='bbox 2346 2071 2566 2569; x_wconf 95' lang='lat' dir='ltr'><em>   </em></span> 
     </span>
     <span class='ocr_line' id='line_1_29' title="bbox 0 2569 2567 2634; baseline 0 0"><span class='ocrx_word' id='word_1_118' title='bbox 0 2569 150 2634; x_wconf 95' lang='lat' dir='ltr'><em> </em></span> <span class='ocrx_word' id='word_1_119' title='bbox 2550 2569 2567 2634; x_wconf 95' lang='lat' dir='ltr'><em> </em></span> 
     </span>
     <span class='ocr_line' id='line_1_30' title="bbox 0 2634 2570 2893; baseline 0 0"><span class='ocrx_word' id='word_1_120' title='bbox 0 2634 150 2893; x_wconf 95' lang='lat' dir='ltr'><em>   </em></span> <span class='ocrx_word' id='word_1_121' title='bbox 2553 2634 2570 2893; x_wconf 95' lang='lat' dir='ltr'><em>   </em></span> 
     </span>
     <span class='ocr_line' id='line_1_31' title="bbox 0 2893 2573 3157; baseline 0.001 -3"><span class='ocrx_word' id='word_1_122' title='bbox 0 2893 152 3157; x_wconf 95' lang='lat' dir='ltr'><em>    </em></span> <span class='ocrx_word' id='word_1_123' title='bbox 2554 2893 2573 3157; x_wconf 95' lang='lat' dir='ltr'><em>    </em></span> 
     </span>
     <span class='ocr_line' id='line_1_32' title="bbox 0 3157 2692 3907; baseline 0 -658"><span class='ocrx_word' id='word_1_124' title='bbox 0 3157 2692 3907; x_wconf 95' lang='lat' dir='ltr'><em>   </em></span> 
     </span>
    </p>
   </div>
   <div class='ocr_carea' id='block_1_10' title="bbox 732 2356 2350 2514">
    <p class='ocr_par' dir='ltr' id='par_1_10' title="bbox 732 2356 2350 2514">
     <span class='ocr_line' id='line_1_33' title="bbox 732 2356 2350 2498; baseline 0.001 -87"><span class='ocrx_word' id='word_1_125' title='bbox 732 2356 1091 2498; x_wconf 73' lang='lat' dir='ltr'>SCRIPSI</span> <span class='ocrx_word' id='word_1_126' title='bbox 1153 2358 1226 2411; x_wconf 87' lang='lat' dir='ltr'><em>ad</em></span> <span class='ocrx_word' id='word_1_127' title='bbox 1278 2374 1380 2411; x_wconf 89' lang='lat' dir='ltr'><em>vos</em></span> <span class='ocrx_word' id='word_1_128' title='bbox 1432 2375 1583 2410; x_wconf 88' lang='lat' dir='ltr'><em>anno</em></span> <span class='ocrx_word' id='word_1_129' title='bbox 1636 2358 1941 2425; x_wconf 83' lang='lat' dir='ltr'><em>superiore,</em></span> <span class='ocrx_word' id='word_1_130' title='bbox 1996 2376 2156 2426; x_wconf 85' lang='lat' dir='ltr'><em>reges</em></span> <span class='ocrx_word' id='word_1_131' title='bbox 2209 2359 2350 2412; x_wconf 91' lang='lat' dir='ltr'><em>duos</em></span> 
     </span>
     <span class='ocr_line' id='line_1_34' title="bbox 882 2442 2348 2514; baseline 0.001 -19"><span class='ocrx_word' id='word_1_132' title='bbox 882 2442 939 2495; x_wconf 92' lang='lat' dir='ltr'><em>in</em></span> <span class='ocrx_word' id='word_1_133' title='bbox 1023 2442 1223 2506; x_wconf 85' lang='lat' dir='ltr'><em>insula,</em></span> <span class='ocrx_word' id='word_1_134' title='bbox 1310 2463 1481 2511; x_wconf 86' lang='lat' dir='ltr'><em>quam</em></span> <span class='ocrx_word' id='word_1_135' title='bbox 1575 2443 1955 2496; x_wconf 84' lang='lat' dir='ltr'><em>Macazariam</em></span> <span class='ocrx_word' id='word_1_136' title='bbox 2045 2445 2348 2514; x_wconf 86' lang='lat' dir='ltr'><em>appellant,</em></span> 
     </span>
    </p>
   </div>
   <div class='ocr_carea' id='block_1_11' title="bbox 714 2531 2351 3212">
    <p class='ocr_par' dir='ltr' id='par_1_11' title="bbox 714 2531 2351 3212">
     <span class='ocr_line' id='line_1_35' title="bbox 725 2531 2348 2600; baseline -0.001 -17"><span class='ocrx_word' id='word_1_137' title='bbox 725 2548 855 2583; x_wconf 92' lang='lat' dir='ltr'><em>cum</em></span> <span class='ocrx_word' id='word_1_138' title='bbox 934 2548 1143 2600; x_wconf 84' lang='lat' dir='ltr'><em>magno</em></span> <span class='ocrx_word' id='word_1_139' title='bbox 1219 2531 1577 2600; x_wconf 91' lang='lat' dir='ltr'><em>popularium</em></span> <span class='ocrx_word' id='word_1_140' title='bbox 1655 2548 1886 2583; x_wconf 91' lang='lat' dir='ltr'><em>suorum</em></span> <span class='ocrx_word' id='word_1_141' title='bbox 1964 2549 2200 2585; x_wconf 90' lang='lat' dir='ltr'><em>numero</em></span> <span class='ocrx_word' id='word_1_142' title='bbox 2279 2531 2348 2583; x_wconf 89' lang='lat' dir='ltr'><em>ad</em></span> 
     </span>
     <span class='ocr_line' id='line_1_36' title="bbox 725 2606 2351 2686; baseline 0 -18"><span class='ocrx_word' id='word_1_143' title='bbox 725 2606 939 2669; x_wconf 89' lang='lat' dir='ltr'><em>Christi</em></span> <span class='ocrx_word' id='word_1_144' title='bbox 1017 2618 1347 2686; x_wconf 86' lang='lat' dir='ltr'><em>religionem</em></span> <span class='ocrx_word' id='word_1_145' title='bbox 1421 2636 1545 2669; x_wconf 89' lang='lat' dir='ltr'><em>esse</em></span> <span class='ocrx_word' id='word_1_146' title='bbox 1608 2620 1922 2670; x_wconf 75' lang='lat' dir='ltr'><em>traductos,</em></span> <span class='ocrx_word' id='word_1_147' title='bbox 1992 2620 2118 2686; x_wconf 84' lang='lat' dir='ltr'><em>Ego</em></span> <span class='ocrx_word' id='word_1_148' title='bbox 2182 2618 2351 2686; x_wconf 83' lang='lat' dir='ltr'><em>igitur</em></span> 
     </span>
     <span class='ocr_line' id='line_1_37' title="bbox 728 2704 2350 2773; baseline -0.001 -17"><span class='ocrx_word' id='word_1_149' title='bbox 728 2704 1027 2756; x_wconf 80' lang='lat' dir='ltr'><em>occasione</em></span> <span class='ocrx_word' id='word_1_150' title='bbox 1089 2704 1167 2756; x_wconf 86' lang='lat' dir='ltr'><em>rei</em></span> <span class='ocrx_word' id='word_1_151' title='bbox 1219 2705 1363 2756; x_wconf 90' lang='lat' dir='ltr'><em>bene</em></span> <span class='ocrx_word' id='word_1_152' title='bbox 1415 2705 1676 2772; x_wconf 81' lang='lat' dir='ltr'><em>gerendae</em></span> <span class='ocrx_word' id='word_1_153' title='bbox 1731 2705 2005 2757; x_wconf 88' lang='lat' dir='ltr'><em>invitatus</em></span> <span class='ocrx_word' id='word_1_154' title='bbox 2062 2709 2350 2773; x_wconf 88' lang='lat' dir='ltr'><em>(apertum</em></span> 
     </span>
     <span class='ocr_line' id='line_1_38' title="bbox 723 2790 2347 2859; baseline -0.001 -17"><span class='ocrx_word' id='word_1_155' title='bbox 723 2791 874 2842; x_wconf 93' lang='lat' dir='ltr'><em>enim</em></span> <span class='ocrx_word' id='word_1_156' title='bbox 956 2790 1095 2842; x_wconf 89' lang='lat' dir='ltr'><em>mihi</em></span> <span class='ocrx_word' id='word_1_157' title='bbox 1176 2792 1396 2843; x_wconf 89' lang='lat' dir='ltr'><em>aditum</em></span> <span class='ocrx_word' id='word_1_158' title='bbox 1475 2792 1739 2842; x_wconf 88' lang='lat' dir='ltr'><em>videbam</em></span> <span class='ocrx_word' id='word_1_159' title='bbox 1820 2793 1891 2842; x_wconf 85' lang='lat' dir='ltr'><em>ad</em></span> <span class='ocrx_word' id='word_1_160' title='bbox 1974 2791 2347 2859; x_wconf 87' lang='lat' dir='ltr'><em>Evangelium</em></span> 
     </span>
     <span class='ocr_line' id='line_1_39' title="bbox 714 2876 2346 2946; baseline 0.001 -18"><span class='ocrx_word' id='word_1_161' title='bbox 714 2876 881 2946; x_wconf 85' lang='lat' dir='ltr'><em>longe</em></span> <span class='ocrx_word' id='word_1_162' title='bbox 934 2895 1001 2929; x_wconf 90' lang='lat' dir='ltr'><em>ac</em></span> <span class='ocrx_word' id='word_1_163' title='bbox 1052 2877 1165 2930; x_wconf 87' lang='lat' dir='ltr'><em>late</em></span> <span class='ocrx_word' id='word_1_164' title='bbox 1224 2879 1707 2946; x_wconf 87' lang='lat' dir='ltr'><em>propagandum),</em></span> <span class='ocrx_word' id='word_1_165' title='bbox 1762 2878 2064 2931; x_wconf 87' lang='lat' dir='ltr'><em>confestim</em></span> <span class='ocrx_word' id='word_1_166' title='bbox 2118 2896 2186 2930; x_wconf 87' lang='lat' dir='ltr'><em>ex</em></span> <span class='ocrx_word' id='word_1_167' title='bbox 2239 2879 2346 2930; x_wconf 86' lang='lat' dir='ltr'><em>Co-</em></span> 
     </span>
     <span class='ocr_line' id='line_1_40' title="bbox 722 2965 2346 3036; baseline 0 -20"><span class='ocrx_word' id='word_1_168' title='bbox 722 2965 945 3017; x_wconf 91' lang='lat' dir='ltr'><em>morino</em></span> <span class='ocrx_word' id='word_1_169' title='bbox 1005 2966 1398 3034; x_wconf 86' lang='lat' dir='ltr'><em>promontorio</em></span> <span class='ocrx_word' id='word_1_170' title='bbox 1461 2966 1618 3029; x_wconf 88' lang='lat' dir='ltr'><em>solvi,</em></span> <span class='ocrx_word' id='word_1_171' title='bbox 1682 2974 1743 3018; x_wconf 89' lang='lat' dir='ltr'><em>ut</em></span> <span class='ocrx_word' id='word_1_172' title='bbox 1805 2985 1872 3018; x_wconf 92' lang='lat' dir='ltr'><em>eo</em></span> <span class='ocrx_word' id='word_1_173' title='bbox 1925 2966 2346 3036; x_wconf 88' lang='lat' dir='ltr'><em>quamprimum</em></span> 
     </span>
     <span class='ocr_line' id='line_1_41' title="bbox 719 3051 2347 3122; baseline -0.001 -18"><span class='ocrx_word' id='word_1_174' title='bbox 719 3052 1081 3120; x_wconf 89' lang='lat' dir='ltr'><em>appellerem.</em></span> <span class='ocrx_word' id='word_1_175' title='bbox 1171 3053 1348 3106; x_wconf 86' lang='lat' dir='ltr'><em>Abest</em></span> <span class='ocrx_word' id='word_1_176' title='bbox 1441 3053 1760 3107; x_wconf 80' lang='lat' dir='ltr'><em>Macazaria</em></span> <span class='ocrx_word' id='word_1_177' title='bbox 1842 3072 1875 3106; x_wconf 86' lang='lat' dir='ltr'><em>a</em></span> <span class='ocrx_word' id='word_1_178' title='bbox 1957 3051 2347 3122; x_wconf 90' lang='lat' dir='ltr'><em>promontorio</em></span> 
     </span>
     <span class='ocr_line' id='line_1_42' title="bbox 720 3138 2347 3212; baseline -0.001 -22"><span class='ocrx_word' id='word_1_179' title='bbox 720 3138 964 3206; x_wconf 85' lang='lat' dir='ltr'><em>amplius</em></span> <span class='ocrx_word' id='word_1_180' title='bbox 1039 3139 1212 3192; x_wconf 86' lang='lat' dir='ltr'><em>vicies</em></span> <span class='ocrx_word' id='word_1_181' title='bbox 1289 3149 1530 3192; x_wconf 85' lang='lat' dir='ltr'><em>centena</em></span> <span class='ocrx_word' id='word_1_182' title='bbox 1607 3150 1660 3192; x_wconf 86' lang='lat' dir='ltr'><em>et</em></span> <span class='ocrx_word' id='word_1_183' title='bbox 1740 3142 2099 3212; x_wconf 82' lang='lat' dir='ltr'><em>septingenta</em></span> <span class='ocrx_word' id='word_1_184' title='bbox 2176 3138 2347 3192; x_wconf 91' lang='lat' dir='ltr'><em>millia</em></span> 
     </span>
    </p>
   </div>
  </div>
 </body>
</html>
