2692 3907
747 365 852 438 368
1168 383 1353 423 LIBER
1390 384 1850 422 v.-—EP1sT0LA
1890 385 1952 422 11.

747 516 956 567 mentis
1020 515 1345 584 angoribus,
1413 523 1468 566 et
1523 497 1810 566 dirissimo
1862 523 2152 566 tormento
2205 515 2382 566 animi

745 619 859 670 quo
905 600 1105 654 intime
1150 600 1524 665 lacerabatur,
1555 609 1822 670 spectans
1870 601 1986 654 suis
2032 601 2227 665 oculiS,
2277 620 2383 656 nec

745 688 1045 757 prohibere
1103 688 1214 740 ulla
1268 688 1488 741 ratione
1540 688 1754 752 valenS,
1811 688 2112 757 praefectos
2164 689 2380 742 arcium

745 782 801 828 et
853 782 1253 843 procuratores
1318 775 1439 828 fisci
1504 775 1833 828 immaniter
1885 792 2051 844 agere
2104 775 2381 846 ferreque,

747 869 803 916 et
844 862 1175 915 avarissime
1217 861 1460 932 diripere
1501 862 1740 915 miseros
1781 860 2118 933 neophytOS,
2168 862 2384 917 infide

750 947 983 1012 Christi,
1026 967 1198 1018 quam
1247 967 1427 1018 nuper
1466 956 1855 1017 susceperunt,
1896 956 2126 1004 teneros
2165 950 2381 1005 adhuc:

748 1054 892 1106 quos
935 1036 1064 1089 ideo
1108 1036 1184 1088 illi
1214 1036 1321 1106 ipsi
1364 1036 1459 1106 qui
1499 1045 1706 1089 vexant
1747 1036 2042 1090 christiani
2086 1037 2382 1108 magistra-

748 1130 840 1178 tus
878 1123 1066 1178 fovere
1105 1123 1297 1192 potius
1338 1124 1652 1178 debuerant
1681 1131 1736 1179 et
1770 1124 2061 1179 beneficiis
2094 1125 2381 1194 amplecti.
2411 1163 2416 1168 -

752 1214 882 1264 Hoc
921 1231 1073 1275 vero,
1117 1211 1255 1262 mihi
1297 1213 1481 1275 crede,
1538 1211 1805 1274 Domine,
1858 1212 2173 1264 cordolium
2218 1212 2384 1282 longe

748 1317 919 1368 supra
960 1317 1160 1353 omnes
1219 1300 1473 1368 corporis
1516 1300 1740 1353 dolores
1795 1300 2227 1354 acerbissimum
2269 1309 2355 1359 est
2370 1318 2383 1364 ;

749 1394 921 1457 atque
964 1387 1126 1451 ade0,
1165 1393 1226 1440 ut
1273 1386 1354 1439 sic
1401 1386 1608 1450 dicam,
1658 1386 1914 1456 martyrii
1948 1404 2126 1456 genus
2154 1386 2383 1441 horren-

750 1474 905 1538 dum,
930 1473 1276 1528 cruciatibus
1304 1473 1597 1543 quibusvis
1624 1474 1939 1543 tyrannicis
1967 1474 2234 1539 atrocius,
2260 1474 2385 1545 cogi

749 1560 1033 1631 patienter
1072 1560 1432 1630 acquiescere
1491 1578 1621 1613 cum
1674 1560 1870 1613 videas
1924 1568 2219 1614 momento
2261 1562 2385 1614 des-

746 1648 858 1702 trui
887 1647 1071 1700 aliena
1110 1647 1294 1715 culpa,
1338 1667 1464 1715 quae
1510 1655 1610 1700 tuo
1658 1655 1713 1701 et
1761 1647 2000 1701 aliorum
2041 1648 2194 1717 longi
2241 1656 2385 1702 tem-

750 1735 904 1804 poris
955 1734 1463 1787 vehementissimo
1510 1742 1738 1797 conatU,
1788 1734 2388 1804 aerumnosissimaque

754 1822 1096 1885 constantia,
1144 1822 1401 1890 proxime
1448 1821 1737 1889 fastigium
1785 1822 2062 1889 perducta
2108 1829 2287 1874 erant.

830 1916 943 1969 Hic
983 1933 1087 1984 pro
1127 1923 1284 1968 certo
1324 1915 1628 1978 ferebatur,
1671 1932 1862 1983 regem
1912 1915 2131 1968 Ceilani
2178 1914 2385 1984 pretio-

753 2024 815 2058 sa
861 2004 1026 2056 xenia
1072 2005 1143 2056 ad
1192 2004 1555 2072 majestatem
1602 2011 1764 2055 tuam
1811 2002 2055 2066 mittere,
2102 2003 2174 2054 ob
2217 2003 2386 2055 bene-

753 2093 880 2146 ficia
927 2111 1054 2161 quae
1102 2111 1134 2144 a
1179 2100 1236 2144 te
1284 2092 1539 2160 quotidie
1585 2091 1793 2160 accipit
1840 2091 2102 2159 plurima.
2160 2093 2389 2145 Habeat

755 2199 857 2249 pro
904 2179 1228 2230 indubitato
1276 2180 1547 2246 majestas
1593 2187 1709 2240 tua,
1758 2180 2071 2229 immanem
2118 2178 2175 2230 in
2222 2198 2289 2231 eo
2332 2188 2389 2232 et

755 2266 1187 2319 acerbissimum
1231 2265 1446 2322 Christi
1487 2266 1713 2317 hostem
1753 2265 1972 2317 Ceilani
2010 2283 2272 2332 regnare:
2312 2273 2387 2328 et,

757 2351 909 2421 quod
950 2369 1093 2419 pene
1135 2349 1291 2403 dictu
1333 2350 1491 2403 nefas
1534 2357 1639 2412 est,
1686 2350 1758 2403 ad
1803 2351 2126 2404 nocendum
2172 2350 2388 2405 Christi

755 2457 959 2503 causae,
1032 2439 1584 2508 opprimendamque
1650 2457 1820 2507 quam
1888 2446 2078 2507 potest
2144 2439 2391 2491 maxime

757 2524 1106 2592 religionem,
1167 2540 1280 2577 non
1339 2524 1449 2577 alia
1502 2525 1684 2591 magis
1736 2525 2013 2591 potentia,
2069 2541 2240 2592 quam
2293 2532 2393 2580 tua

756 2611 938 2681 gratia
989 2610 1216 2679 tuisque
1269 2609 1434 2661 donis
1487 2610 1770 2661 auctorari
1824 2618 1880 2662 et
1927 2609 2153 2662 armari.
2203 2610 2389 2663 Veris-

756 2699 902 2751 sima
959 2697 1083 2750 haec
1141 2704 1291 2760 sunt,
1361 2698 1459 2749 sed
1517 2697 1679 2749 vobis
1732 2698 1929 2749 auditu
1983 2697 2222 2749 fortasse
2276 2715 2391 2750 non

756 2794 948 2857 grata;
999 2804 1173 2855 quare
1220 2785 1485 2854 equidem
1533 2784 1848 2853 perinvitus
1895 2785 2108 2838 scribo:
2157 2803 2388 2854 praeser-

755 2875 860 2927 tim
914 2892 1045 2926 cum
1100 2874 1155 2925 id
1209 2891 1280 2925 ne
1334 2874 1542 2926 frustra
1596 2873 1846 2935 fecerim,
1904 2881 2176 2925 metuam.
2234 2876 2387 2926 Dum

749 2961 909 3014 enim
962 2960 1055 3013 hic
1108 2961 1177 3013 de
1231 2959 1434 3012 futuris
1487 2959 1805 3013 aestimatur
1858 2980 1924 3013 ex
1970 2959 2388 3029 praeteritorum

759 3048 1122 3118 experientia,
1178 3065 1313 3100 sane
1365 3047 1597 3100 verendi
1652 3065 1824 3100 causa
1876 3055 1979 3111 est,
2035 3066 2105 3100 ne
2159 3048 2215 3100 in
2262 3066 2391 3117 pos-

758 3145 941 3191 terum
986 3153 1212 3204 quoque
1253 3135 1435 3202 major
1480 3142 1594 3187 tuae
1643 3135 1961 3203 majestatis
2008 3134 2166 3188 favor
2210 3142 2393 3190 exstet
