2815 3911
614 364 796 401 LIBER
839 364 923 401 III.
946 380 1017 386 -
1039 365 1327 403 EPISTOLA
1368 366 1420 403 V.
1731 349 1833 416 213

209 523 239 557 a
318 507 372 552 te
455 504 731 565 perpetuo
821 505 1101 560 cursante,
1194 516 1474 566 nusquam
1560 496 1831 559 haerente,

209 587 501 656 irrequiete
589 585 869 647 obeunda,
962 585 1318 653 baptizandis
1404 585 1612 654 ubique
1699 603 1833 653 pue-

209 679 279 731 ris
339 691 535 727 recens
597 672 783 733 natis;
856 672 1228 725 adultioribus
1290 681 1345 725 et
1406 672 1681 738 doctrinae
1744 690 1833 724 ca-

208 763 435 834 pacibus
495 760 838 822 erudiendiS,
900 768 995 811 aut
1054 761 1260 812 erudiri
1318 761 1602 812 curandis.
1683 759 1835 810 Alte-

207 870 325 905 rum
389 847 635 917 pertinet
702 847 772 898 ad
838 846 1087 915 vigiliam
1156 866 1344 899 acrem
1410 855 1465 900 et
1530 847 1831 909 intentam,

207 956 312 1008 qua
363 946 418 989 te
470 935 599 987 volo
652 936 929 986 excubare
983 935 1038 986 in
1093 935 1541 1003 explorationem
1606 953 1830 986 morum

206 1033 258 1078 et
321 1021 727 1089 exemplorum,
795 1039 920 1089 quae
988 1023 1057 1073 de
1123 1040 1182 1073 se
1247 1022 1394 1090 plebi
1450 1024 1589 1073 dant
1642 1021 1830 1073 clerici

204 1120 324 1163 ortu
392 1108 727 1169 Malabares,
805 1127 874 1159 ne
928 1115 982 1160 et
1037 1107 1143 1175 ipsi
1198 1115 1424 1161 aeternae
1478 1126 1538 1161 se
1591 1108 1828 1161 damna-

204 1198 337 1251 tioni
402 1197 670 1263 obligent,
726 1204 780 1247 et
834 1196 974 1247 alios
1027 1196 1083 1245 in
1135 1204 1411 1246 tartarum
1468 1215 1660 1246 secum
1714 1203 1828 1246 tra-

205 1284 354 1336 hant.
423 1282 482 1334 Si
542 1300 676 1333 vero
729 1281 864 1350 quid
919 1282 975 1333 in
1029 1282 1096 1334 iis
1148 1300 1385 1350 pravum
1439 1282 1831 1350 deprehende-

204 1373 290 1432 riS,
356 1387 570 1430 coerce,
637 1388 737 1435 per
791 1370 997 1430 Deum,
1052 1388 1118 1420 ac
1171 1368 1387 1435 castiga
1439 1368 1553 1420 cito
1607 1376 1662 1420 et
1716 1367 1824 1420 for-

202 1458 345 1518 titer;
401 1473 533 1507 nam
587 1462 933 1523 potestatem
988 1473 1157 1523 quam
1212 1457 1284 1506 ad
1337 1455 1394 1506 id
1447 1455 1674 1523 plenam
1728 1454 1823 1506 ha-

204 1545 413 1604 bemuS,
492 1549 550 1593 ut
624 1540 873 1609 gladium
940 1540 996 1591 in
1061 1540 1265 1607 vagina
1347 1540 1590 1593 otiosam
1657 1541 1821 1592 relin-

204 1647 383 1697 quere,
440 1638 674 1696 urgente
728 1629 1027 1680 occasione
1079 1627 1405 1679 vindicandi
1458 1627 1824 1696 gravissimas

209 1716 307 1766 Dei
360 1716 619 1777 offensaS,
676 1714 992 1782 praesertim
1047 1733 1176 1766 cum
1231 1714 1537 1767 multorum
1588 1715 1823 1767 scanda-

204 1803 253 1854 lo
315 1804 665 1870 conjunctaS,
733 1803 1108 1870 imputaretur
1173 1802 1336 1853 nobis
1394 1802 1451 1852 in
1505 1801 1688 1853 scelus
1741 1801 1821 1853 in-

203 1906 333 1951 gens
385 1888 686 1959 etmultis
738 1889 829 1941 vix
873 1888 1177 1955 suppliciis
1235 1888 1529 1956 expiabile.

272 1974 543 2024 Cosmum
607 1974 676 2024 de
742 1973 912 2024 Paiva
975 1972 1061 2025 fac
1120 1973 1354 2039 adjuves
1408 1973 1464 2026 in
1518 1991 1824 2027 exoneran-

204 2063 270 2113 da
320 2064 669 2115 conscientia
719 2081 752 2115 a
799 2063 961 2115 furtis
1013 2063 1339 2131 rapinisque
1391 2061 1650 2130 plurimis
1703 2061 1821 2131 qui-

207 2150 300 2199 bus
360 2155 444 2201 est
496 2167 596 2217 per
648 2148 816 2202 istam
872 2166 1030 2201 oram
1084 2148 1451 2201 licentissime
1504 2156 1821 2217 grassatu53

204 2232 444 2301 itemque
497 2255 528 2285 a
597 2237 1083 2296 concussionibus,
1161 2236 1389 2301 flagitiis
1465 2244 1520 2286 et
1589 2235 1824 2287 homici-

150 2392 154 2397 ⁴
206 2320 322 2381 diis,
381 2339 505 2389 quae
566 2324 864 2376 occasione
930 2342 996 2375 ex
1061 2324 1181 2392 ejus
1241 2323 1452 2375 effraeni
1512 2323 1826 2392 cupiditate

205 2416 347 2470 nata,
426 2410 737 2478 perpetrari
816 2411 1152 2463 Tutucurini
1235 2410 1501 2478 contigit:
1584 2410 1824 2463 conveni

203 2492 456 2557 privatim
540 2496 849 2560 hominem,
936 2506 990 2550 et
1075 2498 1124 2550 ei
1209 2498 1390 2549 amice
1474 2498 1821 2561 demonstra,

203 2595 364 2647 quam
425 2584 496 2635 ad
558 2585 679 2654 ejus
736 2584 969 2636 honoris
1022 2585 1271 2637 rationes
1325 2584 1546 2637 intersit
1600 2584 1821 2637 restitui

204 2664 268 2715 ab
327 2685 392 2719 eo
453 2670 752 2735 pecuniam
816 2671 882 2723 iis
944 2690 1044 2739 per
1105 2673 1290 2739 ipsum
1345 2679 1625 2725 extortam
1681 2689 1824 2740 quos

207 2747 455 2805 Lusitani
535 2756 882 2809 occiderunt.
968 2757 1284 2810 Scriberem
1366 2757 1438 2810 ad
1520 2756 1694 2819 illum,
1777 2757 1824 2810 si

204 2851 476 2901 sperarem
544 2844 674 2895 inde
754 2845 924 2896 ullum
1000 2844 1417 2896 emendationis
1483 2845 1603 2912 ejus
1680 2844 1823 2897 fruc-

203 2927 336 2976 tum.
426 2930 508 2981 Te
575 2932 741 2983 velim
808 2950 1038 2984 monere
1105 2934 1309 3000 ipsum,
1378 2951 1505 2983 meo
1571 2932 1820 2993 nomine,

202 3001 344 3061 haud
395 3031 613 3067 cessare
668 3035 756 3068 me
811 3036 977 3084 posse
1031 3018 1100 3069 ab
1154 3018 1337 3070 officio
1392 3024 1625 3084 urgente
1673 3009 1824 3070 indi-

204 3097 359 3150 candi
417 3109 471 3161 et
546 3104 660 3171 regi
725 3114 779 3159 et
846 3106 1079 3164 domino
1137 3098 1334 3159 *Indtae
1401 3104 1647 3182 praetori,
1714 3123 1814 3181 per
