<?xml version="1.0" encoding="UTF-8"?>
<!DOCTYPE html PUBLIC "-//W3C//DTD XHTML 1.0 Transitional//EN"
    "http://www.w3.org/TR/xhtml1/DTD/xhtml1-transitional.dtd">
<html xmlns="http://www.w3.org/1999/xhtml" xml:lang="en" lang="en">
 <head>
  <title>
</title>
<meta http-equiv="Content-Type" content="text/html;charset=utf-8" />
  <meta name='ocr-system' content='tesseract 3.04.00' />
  <meta name='ocr-capabilities' content='ocr_page ocr_carea ocr_par ocr_line ocrx_word'/>
</head>
<body>
  <div class='ocr_page' id='page_1' title='image "./pts_epistolae_3720-0638_v1_0328.png"; bbox 0 0 2815 3911; ppageno 0'>
   <div class='ocr_carea' id='block_1_1' title="bbox 0 0 404 404">
    <p class='ocr_par' dir='ltr' id='par_1_1' title="bbox 0 0 404 404">
     <span class='ocr_line' id='line_1_1' title="bbox 0 0 404 404; baseline 0 3507"><span class='ocrx_word' id='word_1_1' title='bbox 0 0 404 404; x_wconf 95' lang='lat' dir='ltr'><strong> </strong></span> 
     </span>
    </p>
   </div>
   <div class='ocr_carea' id='block_1_2' title="bbox 606 361 1913 413">
    <p class='ocr_par' dir='ltr' id='par_1_2' title="bbox 606 361 1913 413">
     <span class='ocr_line' id='line_1_2' title="bbox 606 361 1913 413; baseline -0.004 -10"><span class='ocrx_word' id='word_1_2' title='bbox 606 399 610 404; x_wconf 81' lang='grc'>,</span> <span class='ocrx_word' id='word_1_3' title='bbox 636 364 823 402; x_wconf 89' lang='lat' dir='ltr'><strong>LIBER</strong></span> <span class='ocrx_word' id='word_1_4' title='bbox 862 365 938 400; x_wconf 92' lang='lat' dir='ltr'><strong>IV.</strong></span> <span class='ocrx_word' id='word_1_5' title='bbox 961 379 1032 385; x_wconf 79' lang='lat'><strong>—</strong></span> <span class='ocrx_word' id='word_1_6' title='bbox 1053 364 1346 400; x_wconf 88' lang='lat' dir='ltr'>EPISTOLA</span> <span class='ocrx_word' id='word_1_7' title='bbox 1384 363 1511 400; x_wconf 90' lang='lat' dir='ltr'>VIII.</span> <span class='ocrx_word' id='word_1_8' title='bbox 1809 361 1913 413; x_wconf 81' lang='grc'><strong>307</strong></span> 
     </span>
    </p>
   </div>
   <div class='ocr_carea' id='block_1_3' title="bbox 292 492 1950 3087">
    <p class='ocr_par' dir='ltr' id='par_1_3' title="bbox 292 492 1930 1437">
     <span class='ocr_line' id='line_1_3' title="bbox 295 492 1917 564; baseline -0.003 -16"><span class='ocrx_word' id='word_1_9' title='bbox 295 494 529 548; x_wconf 90' lang='lat' dir='ltr'>Domini</span> <span class='ocrx_word' id='word_1_10' title='bbox 608 512 674 549; x_wconf 91' lang='lat' dir='ltr'><strong>ac</strong></span> <span class='ocrx_word' id='word_1_11' title='bbox 754 495 1063 548; x_wconf 87' lang='lat' dir='ltr'><strong>Salvatoris</strong></span> <span class='ocrx_word' id='word_1_12' title='bbox 1147 495 1324 549; x_wconf 84' lang='lat' dir='ltr'>nostri</span> <span class='ocrx_word' id='word_1_13' title='bbox 1401 492 1726 564; x_wconf 88' lang='lat' dir='ltr'><strong>promeritis</strong></span> <span class='ocrx_word' id='word_1_14' title='bbox 1806 492 1917 544; x_wconf 86' lang='lat' dir='ltr'><strong>col-</strong></span> 
     </span>
     <span class='ocr_line' id='line_1_4' title="bbox 292 580 1920 649; baseline -0.001 -16"><span class='ocrx_word' id='word_1_15' title='bbox 292 581 497 645; x_wconf 89' lang='lat' dir='ltr'><strong>locata,</strong></span> <span class='ocrx_word' id='word_1_16' title='bbox 574 590 660 634; x_wconf 87' lang='lat' dir='ltr'><strong>tot</strong></span> <span class='ocrx_word' id='word_1_17' title='bbox 756 582 1045 649; x_wconf 89' lang='lat' dir='ltr'><strong>tantisque</strong></span> <span class='ocrx_word' id='word_1_18' title='bbox 1138 581 1416 649; x_wconf 90' lang='lat' dir='ltr'><strong>praesidiis</strong></span> <span class='ocrx_word' id='word_1_19' title='bbox 1505 580 1920 649; x_wconf 87' lang='lat' dir='ltr'><strong>circumseptus</strong></span> 
     </span>
     <span class='ocr_line' id='line_1_5' title="bbox 292 665 1922 738; baseline -0.002 -16"><span class='ocrx_word' id='word_1_20' title='bbox 292 667 458 738; x_wconf 86' lang='lat' dir='ltr'><strong>longe</strong></span> <span class='ocrx_word' id='word_1_21' title='bbox 523 669 738 738; x_wconf 90' lang='lat' dir='ltr'><strong>majore</strong></span> <span class='ocrx_word' id='word_1_22' title='bbox 802 667 1127 738; x_wconf 80' lang='lat' dir='ltr'>perfruebar</span> <span class='ocrx_word' id='word_1_23' title='bbox 1188 667 1481 736; x_wconf 90' lang='lat' dir='ltr'><strong>voluptate</strong></span> <span class='ocrx_word' id='word_1_24' title='bbox 1546 667 1603 718; x_wconf 92' lang='lat' dir='ltr'><strong>in</strong></span> <span class='ocrx_word' id='word_1_25' title='bbox 1669 665 1922 719; x_wconf 88' lang='lat' dir='ltr'>horribili</span> 
     </span>
     <span class='ocr_line' id='line_1_6' title="bbox 293 753 1923 825; baseline 0.001 -18"><span class='ocrx_word' id='word_1_26' title='bbox 293 753 388 807; x_wconf 88' lang='lat' dir='ltr'><strong>illa</strong></span> <span class='ocrx_word' id='word_1_27' title='bbox 449 762 793 825; x_wconf 74' lang='lat' dir='ltr'><strong>tempestate</strong></span> <span class='ocrx_word' id='word_1_28' title='bbox 858 755 1199 823; x_wconf 70' lang='lat' dir='ltr'><strong>periclitam,</strong></span> <span class='ocrx_word' id='word_1_29' title='bbox 1266 773 1438 824; x_wconf 90' lang='lat' dir='ltr'><strong>quam</strong></span> <span class='ocrx_word' id='word_1_30' title='bbox 1505 755 1710 808; x_wconf 90' lang='lat' dir='ltr'><strong>deinde</strong></span> <span class='ocrx_word' id='word_1_31' title='bbox 1780 772 1923 823; x_wconf 87' lang='lat' dir='ltr'><strong>prae-</strong></span> 
     </span>
     <span class='ocr_line' id='line_1_7' title="bbox 296 840 1924 913; baseline -0.002 -17"><span class='ocrx_word' id='word_1_32' title='bbox 296 842 442 896; x_wconf 85' lang='lat' dir='ltr'><strong>senti</strong></span> <span class='ocrx_word' id='word_1_33' title='bbox 483 843 733 913; x_wconf 92' lang='lat' dir='ltr'><strong>periculo</strong></span> <span class='ocrx_word' id='word_1_34' title='bbox 775 842 1061 896; x_wconf 91' lang='lat' dir='ltr'><strong>liberatus.</strong></span> <span class='ocrx_word' id='word_1_35' title='bbox 1105 844 1198 895; x_wconf 95' lang='lat' dir='ltr'><strong>Me</strong></span> <span class='ocrx_word' id='word_1_36' title='bbox 1236 860 1372 895; x_wconf 89' lang='lat' dir='ltr'><strong>sane</strong></span> <span class='ocrx_word' id='word_1_37' title='bbox 1409 842 1604 910; x_wconf 92' lang='lat' dir='ltr'><strong>pudet,</strong></span> <span class='ocrx_word' id='word_1_38' title='bbox 1649 840 1924 911; x_wconf 88' lang='lat' dir='ltr'><strong>nequissi-</strong></span> 
     </span>
     <span class='ocr_line' id='line_1_8' title="bbox 299 928 1923 993; baseline -0.001 -9"><span class='ocrx_word' id='word_1_39' title='bbox 299 949 455 984; x_wconf 92' lang='lat' dir='ltr'><strong>mum</strong></span> <span class='ocrx_word' id='word_1_40' title='bbox 495 932 764 984; x_wconf 57' lang='lat' dir='ltr'><strong>&gt;omnium</strong></span> <span class='ocrx_word' id='word_1_41' title='bbox 817 931 1160 993; x_wconf 84' lang='lat' dir='ltr'><strong>mortalium,</strong></span> <span class='ocrx_word' id='word_1_42' title='bbox 1215 932 1270 983; x_wconf 92' lang='lat' dir='ltr'><strong>in</strong></span> <span class='ocrx_word' id='word_1_43' title='bbox 1326 931 1525 984; x_wconf 87' lang='lat' dir='ltr'><strong>ultimo</strong></span> <span class='ocrx_word' id='word_1_44' title='bbox 1578 928 1923 992; x_wconf 84' lang='lat' dir='ltr'><strong>discrimine,</strong></span> 
     </span>
     <span class='ocr_line' id='line_1_9' title="bbox 299 1016 1922 1088; baseline -0.002 -16"><span class='ocrx_word' id='word_1_45' title='bbox 299 1036 415 1088; x_wconf 88' lang='lat' dir='ltr'><strong>prae</strong></span> <span class='ocrx_word' id='word_1_46' title='bbox 491 1018 708 1072; x_wconf 88' lang='lat' dir='ltr'><strong>coelesti</strong></span> <span class='ocrx_word' id='word_1_47' title='bbox 782 1019 981 1071; x_wconf 82' lang='lat' dir='ltr'><strong>laetitia</strong></span> <span class='ocrx_word' id='word_1_48' title='bbox 1055 1026 1277 1071; x_wconf 80' lang='lat' dir='ltr'><strong>tantam</strong></span> <span class='ocrx_word' id='word_1_49' title='bbox 1354 1018 1732 1088; x_wconf 89' lang='lat' dir='ltr'><strong>lacrymarum</strong></span> <span class='ocrx_word' id='word_1_50' title='bbox 1807 1016 1922 1070; x_wconf 89' lang='lat' dir='ltr'><strong>vim</strong></span> 
     </span>
     <span class='ocr_line' id='line_1_10' title="bbox 300 1104 1924 1175; baseline -0.001 -18"><span class='ocrx_word' id='word_1_51' title='bbox 300 1104 635 1175; x_wconf 89' lang='lat' dir='ltr'><strong>profudisse.</strong></span> <span class='ocrx_word' id='word_1_52' title='bbox 725 1107 926 1174; x_wconf 91' lang='lat' dir='ltr'><strong>Itaque</strong></span> <span class='ocrx_word' id='word_1_53' title='bbox 1010 1114 1132 1159; x_wconf 90' lang='lat' dir='ltr'><strong>tum</strong></span> <span class='ocrx_word' id='word_1_54' title='bbox 1226 1105 1519 1159; x_wconf 89' lang='lat' dir='ltr'><strong>Christum</strong></span> <span class='ocrx_word' id='word_1_55' title='bbox 1611 1105 1924 1159; x_wconf 91' lang='lat' dir='ltr'><strong>Dominum</strong></span> 
     </span>
     <span class='ocr_line' id='line_1_11' title="bbox 302 1190 1926 1262; baseline 0 -18"><span class='ocrx_word' id='word_1_56' title='bbox 302 1193 630 1261; x_wconf 88' lang='lat' dir='ltr'><strong>suppliciter</strong></span> <span class='ocrx_word' id='word_1_57' title='bbox 680 1193 931 1256; x_wconf 89' lang='lat' dir='ltr'><strong>orabam,</strong></span> <span class='ocrx_word' id='word_1_58' title='bbox 986 1213 1056 1245; x_wconf 91' lang='lat' dir='ltr'><strong>ne</strong></span> <span class='ocrx_word' id='word_1_59' title='bbox 1110 1212 1200 1246; x_wconf 90' lang='lat' dir='ltr'><strong>me</strong></span> <span class='ocrx_word' id='word_1_60' title='bbox 1251 1213 1319 1245; x_wconf 85' lang='lat' dir='ltr'><strong>ex</strong></span> <span class='ocrx_word' id='word_1_61' title='bbox 1371 1192 1465 1245; x_wconf 90' lang='lat' dir='ltr'><strong>illo</strong></span> <span class='ocrx_word' id='word_1_62' title='bbox 1518 1191 1766 1262; x_wconf 91' lang='lat' dir='ltr'><strong>periculo</strong></span> <span class='ocrx_word' id='word_1_63' title='bbox 1824 1190 1926 1244; x_wconf 92' lang='lat' dir='ltr'><strong>eri-</strong></span> 
     </span>
     <span class='ocr_line' id='line_1_12' title="bbox 303 1273 1930 1350; baseline -0.001 -17"><span class='ocrx_word' id='word_1_64' title='bbox 303 1288 478 1349; x_wconf 90' lang='lat' dir='ltr'><strong>peret,</strong></span> <span class='ocrx_word' id='word_1_65' title='bbox 521 1279 628 1333; x_wconf 85' lang='lat' dir='ltr'><strong>nisi</strong></span> <span class='ocrx_word' id='word_1_66' title='bbox 668 1280 740 1333; x_wconf 94' lang='lat' dir='ltr'><strong>ad</strong></span> <span class='ocrx_word' id='word_1_67' title='bbox 788 1280 964 1350; x_wconf 88' lang='lat' dir='ltr'><strong>paria,</strong></span> <span class='ocrx_word' id='word_1_68' title='bbox 1016 1289 1113 1333; x_wconf 90' lang='lat' dir='ltr'><strong>aut</strong></span> <span class='ocrx_word' id='word_1_69' title='bbox 1159 1280 1332 1333; x_wconf 90' lang='lat' dir='ltr'><strong>etiam</strong></span> <span class='ocrx_word' id='word_1_70' title='bbox 1379 1273 1639 1349; x_wconf 85' lang='lat' dir='ltr'><strong>graviora</strong></span> <span class='ocrx_word' id='word_1_71' title='bbox 1680 1278 1930 1349; x_wconf 88' lang='lat' dir='ltr'><strong>pericula</strong></span> 
     </span>
     <span class='ocr_line' id='line_1_13' title="bbox 304 1365 1658 1437; baseline 0.001 -18"><span class='ocrx_word' id='word_1_72' title='bbox 304 1365 389 1420; x_wconf 90' lang='lat' dir='ltr'><strong>sui</strong></span> <span class='ocrx_word' id='word_1_73' title='bbox 442 1366 698 1436; x_wconf 91' lang='lat' dir='ltr'><strong>obsequii</strong></span> <span class='ocrx_word' id='word_1_74' title='bbox 749 1366 1053 1437; x_wconf 87' lang='lat' dir='ltr'><strong>gloriaeque</strong></span> <span class='ocrx_word' id='word_1_75' title='bbox 1106 1385 1276 1421; x_wconf 91' lang='lat' dir='ltr'><strong>causa</strong></span> <span class='ocrx_word' id='word_1_76' title='bbox 1328 1375 1658 1422; x_wconf 89' lang='lat' dir='ltr'><strong>reservaret.</strong></span> 
     </span>
    </p>

    <p class='ocr_par' dir='ltr' id='par_1_4' title="bbox 307 1454 1946 2308">
     <span class='ocr_line' id='line_1_14' title="bbox 379 1454 1933 1525; baseline 0.001 -18"><span class='ocrx_word' id='word_1_77' title='bbox 379 1457 785 1525; x_wconf 78' lang='lat' dir='ltr'><strong>Saepenumero</strong></span> <span class='ocrx_word' id='word_1_78' title='bbox 850 1455 987 1506; x_wconf 88' lang='lat' dir='ltr'><strong>mihi</strong></span> <span class='ocrx_word' id='word_1_79' title='bbox 1068 1457 1223 1508; x_wconf 91' lang='lat' dir='ltr'><strong>Deus</strong></span> <span class='ocrx_word' id='word_1_80' title='bbox 1298 1454 1589 1518; x_wconf 87' lang='lat' dir='ltr'><strong>indicavit,</strong></span> <span class='ocrx_word' id='word_1_81' title='bbox 1666 1454 1933 1508; x_wconf 91' lang='lat' dir='ltr'><strong>interiore</strong></span> 
     </span>
     <span class='ocr_line' id='line_1_15' title="bbox 307 1542 1935 1613; baseline -0.001 -18"><span class='ocrx_word' id='word_1_82' title='bbox 307 1543 555 1611; x_wconf 90' lang='lat' dir='ltr'><strong>quodam</strong></span> <span class='ocrx_word' id='word_1_83' title='bbox 602 1542 892 1606; x_wconf 79' lang='lat' dir='ltr'><strong>instinctU,</strong></span> <span class='ocrx_word' id='word_1_84' title='bbox 942 1561 1111 1612; x_wconf 91' lang='lat' dir='ltr'><strong>quam</strong></span> <span class='ocrx_word' id='word_1_85' title='bbox 1161 1543 1354 1596; x_wconf 86' lang='lat' dir='ltr'><strong>multis</strong></span> <span class='ocrx_word' id='word_1_86' title='bbox 1401 1561 1492 1596; x_wconf 92' lang='lat' dir='ltr'><strong>me</strong></span> <span class='ocrx_word' id='word_1_87' title='bbox 1542 1542 1630 1594; x_wconf 88' lang='lat' dir='ltr'><strong>vel</strong></span> <span class='ocrx_word' id='word_1_88' title='bbox 1682 1542 1935 1613; x_wconf 87' lang='lat' dir='ltr'><strong>corporis</strong></span> 
     </span>
     <span class='ocr_line' id='line_1_16' title="bbox 308 1629 1934 1700; baseline 0.001 -17"><span class='ocrx_word' id='word_1_89' title='bbox 308 1629 587 1699; x_wconf 85' lang='lat' dir='ltr'><strong>periculiS,</strong></span> <span class='ocrx_word' id='word_1_90' title='bbox 672 1630 760 1684; x_wconf 92' lang='lat' dir='ltr'><strong>vel</strong></span> <span class='ocrx_word' id='word_1_91' title='bbox 845 1630 1020 1684; x_wconf 92' lang='lat' dir='ltr'><strong>animi</strong></span> <span class='ocrx_word' id='word_1_92' title='bbox 1096 1630 1454 1685; x_wconf 88' lang='lat' dir='ltr'><strong>detrimentis</strong></span> <span class='ocrx_word' id='word_1_93' title='bbox 1541 1630 1934 1700; x_wconf 91' lang='lat' dir='ltr'><strong>prohibuerint</strong></span> 
     </span>
     <span class='ocr_line' id='line_1_17' title="bbox 310 1718 1936 1789; baseline 0.001 -18"><span class='ocrx_word' id='word_1_94' title='bbox 310 1718 752 1787; x_wconf 90' lang='lat' dir='ltr'><strong>supplicationes</strong></span> <span class='ocrx_word' id='word_1_95' title='bbox 837 1737 902 1772; x_wconf 92' lang='lat' dir='ltr'><strong>ac</strong></span> <span class='ocrx_word' id='word_1_96' title='bbox 988 1719 1264 1773; x_wconf 91' lang='lat' dir='ltr'><strong>sacrificia</strong></span> <span class='ocrx_word' id='word_1_97' title='bbox 1341 1719 1642 1783; x_wconf 92' lang='lat' dir='ltr'><strong>sociorum,</strong></span> <span class='ocrx_word' id='word_1_98' title='bbox 1725 1719 1936 1789; x_wconf 89' lang='lat' dir='ltr'><strong>partim</strong></span> 
     </span>
     <span class='ocr_line' id='line_1_18' title="bbox 310 1805 1937 1876; baseline 0.001 -18"><span class='ocrx_word' id='word_1_99' title='bbox 310 1805 366 1857; x_wconf 92' lang='lat' dir='ltr'><strong>in</strong></span> <span class='ocrx_word' id='word_1_100' title='bbox 418 1806 582 1858; x_wconf 90' lang='lat' dir='ltr'><strong>terris</strong></span> <span class='ocrx_word' id='word_1_101' title='bbox 646 1806 1031 1869; x_wconf 89' lang='lat' dir='ltr'><strong>militantium,</strong></span> <span class='ocrx_word' id='word_1_102' title='bbox 1097 1807 1305 1876; x_wconf 88' lang='lat' dir='ltr'><strong>partim</strong></span> <span class='ocrx_word' id='word_1_103' title='bbox 1372 1806 1697 1860; x_wconf 88' lang='lat' dir='ltr'><strong>coelestibus</strong></span> <span class='ocrx_word' id='word_1_104' title='bbox 1755 1806 1937 1860; x_wconf 90' lang='lat' dir='ltr'><strong>fruen-</strong></span> 
     </span>
     <span class='ocr_line' id='line_1_19' title="bbox 309 1893 1939 1964; baseline 0.001 -18"><span class='ocrx_word' id='word_1_105' title='bbox 309 1893 452 1946; x_wconf 92' lang='lat' dir='ltr'><strong>tium</strong></span> <span class='ocrx_word' id='word_1_106' title='bbox 505 1894 773 1962; x_wconf 87' lang='lat' dir='ltr'><strong>praemiis.</strong></span> <span class='ocrx_word' id='word_1_107' title='bbox 831 1896 974 1948; x_wconf 87' lang='lat' dir='ltr'><strong>Haec</strong></span> <span class='ocrx_word' id='word_1_108' title='bbox 1021 1913 1088 1947; x_wconf 94' lang='lat' dir='ltr'><strong>eo</strong></span> <span class='ocrx_word' id='word_1_109' title='bbox 1133 1894 1438 1963; x_wconf 89' lang='lat' dir='ltr'><strong>pertinent,</strong></span> <span class='ocrx_word' id='word_1_110' title='bbox 1485 1903 1676 1964; x_wconf 91' lang='lat' dir='ltr'><strong>patres</strong></span> <span class='ocrx_word' id='word_1_111' title='bbox 1722 1913 1789 1947; x_wconf 88' lang='lat' dir='ltr'><strong>ac</strong></span> <span class='ocrx_word' id='word_1_112' title='bbox 1835 1894 1939 1947; x_wconf 89' lang='lat' dir='ltr'><strong>fra-</strong></span> 
     </span>
     <span class='ocr_line' id='line_1_20' title="bbox 310 1981 1946 2050; baseline 0.001 -18"><span class='ocrx_word' id='word_1_113' title='bbox 310 1988 424 2032; x_wconf 90' lang='lat' dir='ltr'><strong>tres</strong></span> <span class='ocrx_word' id='word_1_114' title='bbox 477 1981 534 2033; x_wconf 92' lang='lat' dir='ltr'><strong>in</strong></span> <span class='ocrx_word' id='word_1_115' title='bbox 588 1981 819 2034; x_wconf 88' lang='lat' dir='ltr'><strong>Christo</strong></span> <span class='ocrx_word' id='word_1_116' title='bbox 871 1981 1206 2045; x_wconf 88' lang='lat' dir='ltr'><strong>charissimi,</strong></span> <span class='ocrx_word' id='word_1_117' title='bbox 1261 1990 1322 2034; x_wconf 91' lang='lat' dir='ltr'><strong>ut</strong></span> <span class='ocrx_word' id='word_1_118' title='bbox 1368 2001 1470 2050; x_wconf 93' lang='lat' dir='ltr'><strong>pro</strong></span> <span class='ocrx_word' id='word_1_119' title='bbox 1515 1990 1601 2033; x_wconf 90' lang='lat' dir='ltr'><strong>tot</strong></span> <span class='ocrx_word' id='word_1_120' title='bbox 1651 1981 1946 2050; x_wconf 88' lang='lat' dir='ltr'><strong>tantisque</strong></span> 
     </span>
     <span class='ocr_line' id='line_1_21' title="bbox 311 2066 1942 2136; baseline 0.002 -19"><span class='ocrx_word' id='word_1_121' title='bbox 311 2066 618 2129; x_wconf 88' lang='lat' dir='ltr'><strong>beneficiis,</strong></span> <span class='ocrx_word' id='word_1_122' title='bbox 663 2086 764 2135; x_wconf 93' lang='lat' dir='ltr'><strong>per</strong></span> <span class='ocrx_word' id='word_1_123' title='bbox 804 2086 905 2120; x_wconf 88' lang='lat' dir='ltr'><strong>vos</strong></span> <span class='ocrx_word' id='word_1_124' title='bbox 948 2068 1103 2136; x_wconf 93' lang='lat' dir='ltr'><strong>ipsos</strong></span> <span class='ocrx_word' id='word_1_125' title='bbox 1150 2076 1205 2120; x_wconf 92' lang='lat' dir='ltr'><strong>et</strong></span> <span class='ocrx_word' id='word_1_126' title='bbox 1253 2069 1377 2120; x_wconf 95' lang='lat' dir='ltr'><strong>Deo</strong></span> <span class='ocrx_word' id='word_1_127' title='bbox 1424 2075 1479 2121; x_wconf 92' lang='lat' dir='ltr'><strong>et</strong></span> <span class='ocrx_word' id='word_1_128' title='bbox 1524 2069 1686 2121; x_wconf 93' lang='lat' dir='ltr'><strong>vobis</strong></span> <span class='ocrx_word' id='word_1_129' title='bbox 1731 2068 1942 2136; x_wconf 88' lang='lat' dir='ltr'><strong>persol-</strong></span> 
     </span>
     <span class='ocr_line' id='line_1_22' title="bbox 312 2154 1943 2223; baseline 0.002 -19"><span class='ocrx_word' id='word_1_130' title='bbox 312 2171 442 2205; x_wconf 91' lang='lat' dir='ltr'><strong>vam</strong></span> <span class='ocrx_word' id='word_1_131' title='bbox 507 2154 659 2221; x_wconf 90' lang='lat' dir='ltr'><strong>quod</strong></span> <span class='ocrx_word' id='word_1_132' title='bbox 726 2154 923 2217; x_wconf 91' lang='lat' dir='ltr'><strong>debe0,</strong></span> <span class='ocrx_word' id='word_1_133' title='bbox 991 2154 1261 2222; x_wconf 90' lang='lat' dir='ltr'><strong>quoniam</strong></span> <span class='ocrx_word' id='word_1_134' title='bbox 1328 2154 1448 2223; x_wconf 89' lang='lat' dir='ltr'><strong>ipse</strong></span> <span class='ocrx_word' id='word_1_135' title='bbox 1513 2173 1613 2223; x_wconf 93' lang='lat' dir='ltr'><strong>per</strong></span> <span class='ocrx_word' id='word_1_136' title='bbox 1666 2173 1756 2207; x_wconf 91' lang='lat' dir='ltr'><strong>me</strong></span> <span class='ocrx_word' id='word_1_137' title='bbox 1810 2173 1943 2207; x_wconf 91' lang='lat' dir='ltr'><strong>neu-</strong></span> 
     </span>
     <span class='ocr_line' id='line_1_23' title="bbox 313 2238 1054 2308; baseline 0.003 -18"><span class='ocrx_word' id='word_1_138' title='bbox 313 2238 532 2308; x_wconf 90' lang='lat' dir='ltr'><strong>tiquam</strong></span> <span class='ocrx_word' id='word_1_139' title='bbox 586 2259 711 2292; x_wconf 90' lang='lat' dir='ltr'><strong>sum</strong></span> <span class='ocrx_word' id='word_1_140' title='bbox 765 2239 1054 2293; x_wconf 90' lang='lat' dir='ltr'><strong>solvendo.</strong></span> 
     </span>
    </p>

    <p class='ocr_par' dir='ltr' id='par_1_5' title="bbox 316 2327 1950 3087">
     <span class='ocr_line' id='line_1_24' title="bbox 390 2327 1942 2395; baseline 0.002 -18"><span class='ocrx_word' id='word_1_141' title='bbox 390 2328 723 2378; x_wconf 87' lang='lat' dir='ltr'><strong>Sermonem</strong></span> <span class='ocrx_word' id='word_1_142' title='bbox 810 2328 880 2378; x_wconf 92' lang='lat' dir='ltr'><strong>de</strong></span> <span class='ocrx_word' id='word_1_143' title='bbox 971 2334 1165 2378; x_wconf 91' lang='lat' dir='ltr'><strong>nostra</strong></span> <span class='ocrx_word' id='word_1_144' title='bbox 1258 2327 1545 2379; x_wconf 88' lang='lat' dir='ltr'><strong>Societate</strong></span> <span class='ocrx_word' id='word_1_145' title='bbox 1636 2327 1942 2395; x_wconf 79' lang='lat' dir='ltr'><strong>ingreSSUS,</strong></span> 
     </span>
     <span class='ocr_line' id='line_1_25' title="bbox 316 2412 1941 2482; baseline 0.002 -18"><span class='ocrx_word' id='word_1_146' title='bbox 316 2432 498 2481; x_wconf 87' lang='lat' dir='ltr'><strong>neque</strong></span> <span class='ocrx_word' id='word_1_147' title='bbox 544 2413 828 2481; x_wconf 91' lang='lat' dir='ltr'><strong>loquendi,</strong></span> <span class='ocrx_word' id='word_1_148' title='bbox 879 2432 1061 2481; x_wconf 91' lang='lat' dir='ltr'><strong>neque</strong></span> <span class='ocrx_word' id='word_1_149' title='bbox 1108 2412 1389 2466; x_wconf 91' lang='lat' dir='ltr'><strong>scribendi</strong></span> <span class='ocrx_word' id='word_1_150' title='bbox 1434 2412 1646 2467; x_wconf 84' lang='lat' dir='ltr'><strong>exitum</strong></span> <span class='ocrx_word' id='word_1_151' title='bbox 1694 2414 1913 2482; x_wconf 91' lang='lat' dir='ltr'><strong>reperio</strong></span> <span class='ocrx_word' id='word_1_152' title='bbox 1928 2432 1941 2477; x_wconf 80' lang='lat'>3</span> 
     </span>
     <span class='ocr_line' id='line_1_26' title="bbox 321 2498 1945 2568; baseline 0.002 -17"><span class='ocrx_word' id='word_1_153' title='bbox 321 2500 420 2551; x_wconf 91' lang='lat' dir='ltr'><strong>sed</strong></span> <span class='ocrx_word' id='word_1_154' title='bbox 471 2498 558 2551; x_wconf 88' lang='lat' dir='ltr'><strong>vel</strong></span> <span class='ocrx_word' id='word_1_155' title='bbox 611 2499 917 2562; x_wconf 88' lang='lat' dir='ltr'><strong>nolentem,</strong></span> <span class='ocrx_word' id='word_1_156' title='bbox 973 2498 1103 2552; x_wconf 89' lang='lat' dir='ltr'><strong>huic</strong></span> <span class='ocrx_word' id='word_1_157' title='bbox 1167 2498 1414 2551; x_wconf 91' lang='lat' dir='ltr'><strong>sermoni</strong></span> <span class='ocrx_word' id='word_1_158' title='bbox 1467 2507 1638 2568; x_wconf 91' lang='lat' dir='ltr'><strong>atque</strong></span> <span class='ocrx_word' id='word_1_159' title='bbox 1690 2499 1945 2568; x_wconf 86' lang='lat' dir='ltr'><strong>epistolae</strong></span> 
     </span>
     <span class='ocr_line' id='line_1_27' title="bbox 322 2585 1947 2655; baseline 0.001 -17"><span class='ocrx_word' id='word_1_160' title='bbox 322 2586 493 2639; x_wconf 91' lang='lat' dir='ltr'><strong>finem</strong></span> <span class='ocrx_word' id='word_1_161' title='bbox 546 2586 855 2655; x_wconf 86' lang='lat' dir='ltr'><strong>imponere,</strong></span> <span class='ocrx_word' id='word_1_162' title='bbox 910 2586 1138 2638; x_wconf 90' lang='lat' dir='ltr'><strong>navium</strong></span> <span class='ocrx_word' id='word_1_163' title='bbox 1193 2585 1483 2651; x_wconf 87' lang='lat' dir='ltr'><strong>festinatio</strong></span> <span class='ocrx_word' id='word_1_164' title='bbox 1545 2586 1713 2655; x_wconf 86' lang='lat' dir='ltr'><strong>cogit.</strong></span> <span class='ocrx_word' id='word_1_165' title='bbox 1782 2587 1947 2640; x_wconf 87' lang='lat' dir='ltr'><strong>Clau-</strong></span> 
     </span>
     <span class='ocr_line' id='line_1_28' title="bbox 323 2671 1947 2738; baseline 0.002 -15"><span class='ocrx_word' id='word_1_166' title='bbox 323 2671 504 2724; x_wconf 89' lang='lat' dir='ltr'><strong>sulam</strong></span> <span class='ocrx_word' id='word_1_167' title='bbox 569 2680 761 2725; x_wconf 89' lang='lat' dir='ltr'><strong>autem</strong></span> <span class='ocrx_word' id='word_1_168' title='bbox 827 2673 1037 2726; x_wconf 90' lang='lat' dir='ltr'><strong>nullam</strong></span> <span class='ocrx_word' id='word_1_169' title='bbox 1115 2673 1341 2726; x_wconf 87' lang='lat' dir='ltr'><strong>invenio</strong></span> <span class='ocrx_word' id='word_1_170' title='bbox 1408 2674 1947 2738; x_wconf 87' lang='lat' dir='ltr'><strong>accomodatiorem,</strong></span> 
     </span>
     <span class='ocr_line' id='line_1_29' title="bbox 325 2758 1949 2827; baseline 0.002 -19"><span class='ocrx_word' id='word_1_171' title='bbox 325 2777 494 2825; x_wconf 90' lang='lat' dir='ltr'><strong>quam</strong></span> <span class='ocrx_word' id='word_1_172' title='bbox 543 2767 603 2809; x_wconf 91' lang='lat' dir='ltr'><strong>ut</strong></span> <span class='ocrx_word' id='word_1_173' title='bbox 650 2758 785 2809; x_wconf 88' lang='lat' dir='ltr'><strong>illud</strong></span> <span class='ocrx_word' id='word_1_174' title='bbox 830 2759 1123 2826; x_wconf 88' lang='lat' dir='ltr'><strong>profitear:</strong></span> <span class='ocrx_word' id='word_1_175' title='bbox 1169 2759 1235 2810; x_wconf 74' lang='lat' dir='ltr'><strong>Sz‘</strong></span> <span class='ocrx_word' id='word_1_176' title='bbox 1287 2758 1473 2811; x_wconf 78' lang='lat' dir='ltr'><strong>oblitus</strong></span> <span class='ocrx_word' id='word_1_177' title='bbox 1525 2777 1755 2827; x_wconf 81' lang='lat' dir='ltr'><strong>unquam</strong></span> <span class='ocrx_word' id='word_1_178' title='bbox 1793 2760 1949 2827; x_wconf 77' lang='lat' dir='ltr'><strong>fuero</strong></span> 
     </span>
     <span class='ocr_line' id='line_1_30' title="bbox 325 2845 1945 2915; baseline 0.002 -19"><span class='ocrx_word' id='word_1_179' title='bbox 325 2845 419 2906; x_wconf 78' lang='lat' dir='ltr'><strong>tui,</strong></span> <span class='ocrx_word' id='word_1_180' title='bbox 476 2845 731 2898; x_wconf 88' lang='lat' dir='ltr'><strong>Societas</strong></span> <span class='ocrx_word' id='word_1_181' title='bbox 780 2847 936 2915; x_wconf 80' lang='lat' dir='ltr'><strong>JeSU,</strong></span> <span class='ocrx_word' id='word_1_182' title='bbox 990 2845 1239 2897; x_wconf 76' lang='lat' dir='ltr'><strong>oblivioni</strong></span> <span class='ocrx_word' id='word_1_183' title='bbox 1290 2845 1441 2897; x_wconf 74' lang='lat' dir='ltr'><strong>detur</strong></span> <span class='ocrx_word' id='word_1_184' title='bbox 1490 2846 1700 2898; x_wconf 75' lang='lat' dir='ltr'><strong>dextera</strong></span> <span class='ocrx_word' id='word_1_185' title='bbox 1742 2864 1858 2899; x_wconf 75' lang='lat' dir='ltr'><strong>mea</strong></span> <span class='ocrx_word' id='word_1_186' title='bbox 1898 2846 1945 2900; x_wconf 78' lang='lat'><strong>1!</strong></span> 
     </span>
     <span class='ocr_line' id='line_1_31' title="bbox 324 2920 1948 3001; baseline 0.001 -17"><span class='ocrx_word' id='word_1_187' title='bbox 324 2934 467 2985; x_wconf 89' lang='lat' dir='ltr'><strong>adeo</strong></span> <span class='ocrx_word' id='word_1_188' title='bbox 532 2942 808 3001; x_wconf 89' lang='lat' dir='ltr'><strong>quantum</strong></span> <span class='ocrx_word' id='word_1_189' title='bbox 874 2920 1042 2984; x_wconf 83' lang='lat' dir='ltr'><strong>sociis</strong></span> <span class='ocrx_word' id='word_1_190' title='bbox 1094 2932 1389 2995; x_wconf 80' lang='lat' dir='ltr'><strong>universiS,</strong></span> <span class='ocrx_word' id='word_1_191' title='bbox 1450 2940 1506 2984; x_wconf 90' lang='lat' dir='ltr'><strong>et</strong></span> <span class='ocrx_word' id='word_1_192' title='bbox 1571 2952 1743 3001; x_wconf 86' lang='lat' dir='ltr'><strong>quam</strong></span> <span class='ocrx_word' id='word_1_193' title='bbox 1810 2932 1948 2986; x_wconf 93' lang='lat' dir='ltr'><strong>mul-</strong></span> 
     </span>
     <span class='ocr_line' id='line_1_32' title="bbox 325 3017 1950 3087; baseline 0.002 -17"><span class='ocrx_word' id='word_1_194' title='bbox 325 3017 399 3070; x_wconf 89' lang='lat' dir='ltr'><strong>tis</strong></span> <span class='ocrx_word' id='word_1_195' title='bbox 488 3018 812 3071; x_wconf 89' lang='lat' dir='ltr'><strong>nominibus</strong></span> <span class='ocrx_word' id='word_1_196' title='bbox 902 3019 1158 3081; x_wconf 90' lang='lat' dir='ltr'><strong>debeam,</strong></span> <span class='ocrx_word' id='word_1_197' title='bbox 1250 3020 1528 3087; x_wconf 86' lang='lat' dir='ltr'><strong>perspexi.</strong></span> <span class='ocrx_word' id='word_1_198' title='bbox 1620 3022 1702 3072; x_wconf 89' lang='lat' dir='ltr'><strong>Ac</strong></span> <span class='ocrx_word' id='word_1_199' title='bbox 1792 3022 1950 3073; x_wconf 90' lang='lat' dir='ltr'><strong>Deus</strong></span> 
     </span>
    </p>
   </div>
   <div class='ocr_carea' id='block_1_4' title="bbox 370 3145 812 3182">
    <p class='ocr_par' dir='ltr' id='par_1_6' title="bbox 370 3145 812 3182">
     <span class='ocr_line' id='line_1_33' title="bbox 370 3145 812 3182; baseline 0.005 -2"><span class='ocrx_word' id='word_1_200' title='bbox 370 3146 401 3180; x_wconf 84' lang='lat' dir='ltr'><strong>l.</strong></span> <span class='ocrx_word' id='word_1_201' title='bbox 427 3145 527 3182; x_wconf 78' lang='lat' dir='ltr'><strong>Psal.</strong></span> <span class='ocrx_word' id='word_1_202' title='bbox 555 3145 758 3180; x_wconf 86' lang='lat' dir='ltr'>CXXXVI.</span> <span class='ocrx_word' id='word_1_203' title='bbox 779 3148 812 3182; x_wconf 77' lang='lat'><strong>5.</strong></span> 
     </span>
    </p>
   </div>
   <div class='ocr_carea' id='block_1_5' title="bbox 2477 0 2815 3904">
    <p class='ocr_par' dir='ltr' id='par_1_7' title="bbox 2477 0 2815 3904">
     <span class='ocr_line' id='line_1_34' title="bbox 2477 0 2815 3904; baseline 0 0"><span class='ocrx_word' id='word_1_204' title='bbox 2477 0 2815 3904; x_wconf 95' lang='lat' dir='ltr'><strong> </strong></span> 
     </span>
    </p>
   </div>
  </div>
 </body>
</html>
