2815 3911
643 338 827 376 LIBER
868 340 943 377 1V.
968 356 1040 362 —
1063 339 1355 378 EPISTOLA
1393 334 1520 374 VIII.
1820 331 1926 386 297

305 488 477 538 quam
525 469 656 522 alibi
704 489 807 524 nec
853 479 971 525 tam
1017 473 1244 542 liquidis
1297 468 1699 540 perpetuisque
1752 462 1927 517 animi

305 556 691 625 voluptatibus
736 558 1023 625 perfusum
1071 578 1193 612 esse
1235 577 1325 611 me
1369 555 1621 617 memini,
1664 571 1768 605 nec
1807 560 1927 603 tarn

300 644 499 697 leviter
543 646 764 697 labores
811 664 1027 711 omneS,
1069 656 1123 699 et
1169 662 1451 699 aerumnas
1505 640 1758 709 corporis
1805 657 1927 707 per-

307 731 538 794 tulisse3
595 751 942 802 quamquam
995 735 1206 787 insulas
1259 748 1657 787 concursarem
1711 727 1928 780 cinctas

310 819 572 883 inimicis,
628 821 807 873 cultas
856 823 926 873 ab
974 823 1171 874 amicis
1224 813 1337 890 hon
1389 815 1753 877 fidelissimis,‚
1809 831 1928 867 eas-

303 907 545 975 demque
617 908 880 961 omnibus
937 908 1023 962 vel
1091 910 1416 962 morborum
1490 903 1774 966 subsidiis,
1841 898 1930 953 vel

302 994 434 1045 vitae
481 997 708 1048 tuendae
755 997 1035 1063 praesidiis
1081 1005 1251 1064 atque
1299 992 1645 1063 adjumentis
1692 990 1927 1043 destitu-

298 1091 419 1144 tas;
468 1091 528 1135 ut
577 1084 800 1136 Divinae
852 1084 984 1153 Spei
1030 1084 1221 1153 potius
1267 1101 1437 1152 quam
1492 1079 1675 1132 Mauri
1729 1077 1927 1131 insulae

300 1169 652 1237 appellandae
706 1189 829 1223 esse
874 1172 1190 1224 videantur.

377 1258 534 1308 Gens
574 1266 659 1308 est
701 1257 757 1308 in
798 1257 886 1308 his
932 1258 1070 1309 locis
1112 1258 1182 1309 ab
1233 1255 1544 1323 Evangelio
1591 1254 1791 1316 aliena,
1832 1255 1926 1322 Ja-

300 1360 466 1394 varos
529 1352 754 1407 vocant,
821 1345 916 1412 qui
981 1344 1242 1397 homines
1313 1359 1703 1412 quoscumque
1774 1337 1927 1390 nacti

302 1429 414 1480 sint
461 1429 794 1492 interficere,
850 1429 1297 1483 immortalitatis
1349 1429 1530 1482 instar
1574 1427 1797 1496 putant.
1846 1426 1928 1476 Ac

304 1534 455 1585 saepe
509 1535 609 1570 usu
664 1518 836 1582 venit,
892 1527 952 1571 ut
1006 1537 1136 1570 cum
1190 1516 1500 1569 alienorum
1561 1512 1726 1582 copia
1780 1510 1927 1564 desit

300 1606 370 1657 ad
416 1606 650 1669 caedem,
692 1625 893 1659 uxores
931 1624 996 1659 ac
1035 1606 1241 1658 liberos
1281 1605 1506 1658 caedant
1547 1620 1698 1655 suos
1744 1600 1926 1652 Iidem

300 1693 558 1762 ingentes
612 1694 1050 1747 christianorum
1104 1693 1317 1746 faciunt
1371 1700 1605 1760 strages

369 1782 499 1835 Una
552 1799 618 1834 ex
670 1781 738 1835 iis
801 1782 996 1835 insulis
1049 1790 1172 1835 tota
1235 1780 1524 1850 perpetuis
1590 1798 1752 1847 paene
1808 1781 1926 1829 mo-

296 1868 448 1919 tibus
518 1876 683 1920 terrae
764 1869 1103 1930 concutitur,
1180 1869 1482 1935 ignemque
1547 1884 1613 1919 ac
1678 1866 1925 1918 cinerem

303 1954 532 2007 evomit.
583 1956 831 2008 Narrant
879 1956 1178 2023 indigenae,
1222 1955 1366 2023 ignis
1413 1951 1764 2005 subterranei
1804 1959 1926 2003 tan-

295 2048 413 2092 tam
454 2040 567 2092 vim
610 2059 751 2104 esse,
796 2049 855 2093 ut
897 2059 1081 2109 rupes,
1131 2041 1335 2109 quibus
1383 2041 1657 2108 oppidum
1699 2048 1784 2090 est
1825 2040 1927 2089 im-

299 2126 566 2194 positum,
622 2127 1005 2179 subterraneae
1059 2127 1408 2193 conflagrent
1462 2134 1618 2178 totae.
1671 2126 1736 2177 Id
1784 2126 1929 2176 adeo

298 2212 600 2265 verisimile
646 2214 895 2266 videtur:
947 2231 1098 2282 saepe
1139 2215 1289 2265 enim
1332 2232 1434 2265 usu
1474 2213 1647 2274 venit,
1691 2221 1752 2263 ut
1794 2230 1929 2263 saxa

300 2300 464 2367 ignea
528 2309 848 2368 erumpant,
925 2301 1301 2352 maximarum
1377 2301 1556 2353 instar
1625 2300 1925 2361 arborum3

299 2386 391 2439 ubi
435 2395 624 2440 autem
669 2396 873 2440 ventus
917 2388 1106 2440 existit
1152 2387 1562 2450 vehementior,
1601 2405 1630 2438 e
1672 2385 1928 2438 cavernis

297 2483 458 2528 tanta
512 2475 596 2527 vis
649 2475 853 2528 cineris
907 2475 1229 2538 effunditur,
1280 2483 1340 2529 ut
1388 2476 1491 2528 viri
1546 2492 1612 2529 ac
1666 2475 1929 2527 mulieres

300 2560 622 2615 laborantes
670 2563 726 2614 in
774 2563 991 2631 campis
1045 2563 1278 2614 domum
1333 2570 1690 2615 revertantur
1741 2562 1929 2614 cinere

297 2649 527 2717 oppleti,
577 2650 738 2712 adeO,
783 2658 842 2700 ut
883 2649 975 2700 vix
1015 2667 1209 2701 eorum
1252 2649 1417 2712 oculi,
1462 2667 1577 2713 ora,
1626 2667 1792 2702 nares
1832 2667 1928 2717 ap-

298 2743 562 2801 pareant:
607 2738 898 2787 daemones
941 2737 1121 2802 magis
1163 2737 1360 2786 credas
1395 2755 1517 2786 esse
1547 2756 1718 2803 quam
1749 2736 1928 2787 homi-

295 2839 412 2874 nes.
446 2823 590 2874 Haec
618 2839 722 2890 ego
751 2840 817 2874 ex
846 2820 1125 2889 indigenis
1163 2822 1420 2889 cognovi,
1464 2822 1584 2890 ipse
1625 2840 1739 2873 non
1778 2820 1926 2873 vidi:

297 2908 567 2975 quamdiu
607 2909 757 2960 enim
789 2909 864 2959 ibi
908 2917 1164 2959 versatus
1209 2926 1352 2970 sum,
1397 2918 1699 2960 ventorum
1746 2909 1931 2959 nullus

299 2994 546 3063 impetus
584 2993 705 3047 fuit.
749 2994 890 3047 Illud
932 2993 1103 3046 etiam
1159 3012 1225 3045 ex
1262 2994 1476 3047 eisdem
1517 2995 1789 3063 comperi,
1830 2994 1930 3045 illi-

300 3084 524 3134 usmodi
568 3084 752 3135 ventis
792 3082 1178 3149 perflantibUS,
1222 3089 1442 3135 tantam
1486 3083 1710 3151 copiam
1752 3082 1932 3140 efferri

2589 642 2616 711 ‘m.
2594 622 2605 632 ‘1
2585 210 2616 612 11m*wmwmm.
2594 195 2613 198 3
2595 183 2597 185 ·
2608 159 2613 174 ff

2589 713 2615 732 ε

2583 746 2624 777 123:

2583 1230 2592 1242 ᾗ

2579 1316 2596 1333 5—
