2645 3907
649 344 718 399 74
1058 344 1241 382 LIBER
1283 345 1344 406 .H⁰
1367 360 1439 366 -
1461 345 1754 383 EPISTOLA
1796 345 1881 383 ΙΙΙ.

643 475 924 543 templum
976 476 1295 528 Parisiense
1349 477 1586 544 Collegii
1642 476 1958 529 Sorbonici.
2026 475 2279 543 Collegio

645 561 904 615 attributi
964 562 1136 614 annui
1190 563 1405 615 reditus
1458 563 1623 626 tanti,
1674 572 1734 616 ut
1782 563 2059 616 sustinere
2112 571 2280 632 queat

647 650 909 703 alumnos
967 650 1128 702 facile
1182 659 1445 703 centum:
1513 651 1705 719 opinio
1758 658 1950 703 autem
2003 658 2107 713 est,
2161 650 2281 718 ejus

646 738 944 805 vectigalia
984 745 1216 789 auctum
1258 738 1322 788 iri
1366 738 1638 805 quotidie.
1702 740 1823 789 Nos
1863 738 2111 806 quidem,
2158 737 2282 788 Deo

647 824 792 875 bene
859 825 1115 892 juvante,
1193 825 1534 877 confidimus
1610 824 1743 876 hinc
1814 824 2024 876 multos
2088 823 2282 893 paucis

648 911 813 963 annis
877 911 1154 973 exiturosf
1212 911 1306 979 qui
1373 918 1428 964 et
1493 929 1612 964 rem
1678 910 2048 964 christianam
2120 909 2281 963 valde

643 998 843 1066 juvent
897 997 1052 1050 hisce
1106 997 1162 1049 in
1215 997 1371 1061 locis,
1427 1005 1481 1050 et
1538 997 1813 1051 Ecclesiae
1867 1005 2079 1051 sanctae
2143 997 2283 1050 fines

649 1083 815 1151 longe
869 1102 935 1136 ac
987 1084 1100 1137 late
1153 1083 1461 1153 proferant.

725 1171 851 1238 Ego
923 1189 1074 1233 vero,
1150 1179 1210 1222 ut
1288 1170 1566 1239 principia
1641 1190 1700 1222 se
1777 1172 1933 1233 dant,
2002 1171 2059 1222 in
2124 1189 2281 1239 spem

647 1256 815 1308 venio
879 1257 1027 1308 intra
1092 1258 1422 1309 sexennium
1489 1257 1657 1325 hujus
1724 1258 1961 1326 Collegii
2021 1257 2283 1310 alumnos

649 1342 811 1395 facile
863 1352 1152 1396 trecentos
1199 1345 1335 1408 fore,
1410 1363 1622 1414 eosque
1673 1345 1957 1397 variarum
2010 1345 2282 1414 gentium,

651 1431 949 1484 nationum
1004 1440 1175 1499 atque
1227 1432 1569 1500 linguarum,
1626 1450 1864 1500 quorum
1914 1450 2103 1500 opera,
2152 1450 2283 1499 pau-

650 1519 845 1570 corum
908 1538 1186 1571 annorum
1250 1520 1454 1587 spatiO,
1516 1519 1956 1572 christianorum
2016 1522 2283 1571 numerus

655 1623 768 1655 non
823 1606 1185 1657 mediocriter
1236 1615 1527 1674 augeatur.
1604 1608 1836 1669 Praetor,
1893 1607 1987 1658 ubi
2039 1606 2285 1675 primum

653 1691 834 1743 otium
888 1694 993 1744 erit
1040 1695 1110 1744 ab
1157 1693 1400 1746 ethnicis
1458 1697 1765 1763 (perpetuo
1818 1693 1970 1746 enim
2024 1710 2154 1746 cum
2208 1692 2287 1744 eis

652 1780 862 1831 bellum
915 1781 1110 1848 gerit),
1167 1780 1403 1849 Collegii
1458 1781 1610 1834 aedes
1663 1780 1920 1833 celeriter
1973 1797 2032 1832 se
2085 1778 2286 1831 exaedi-

655 1866 955 1918 ficaturum
1009 1867 1248 1934 recepit:
1311 1867 1390 1918 sic
1439 1866 1589 1918 enim
1645 1867 1701 1917 in
1755 1867 2010 1918 animum
2066 1865 2285 1916 induxit

657 1970 841 2013 suum,
896 1950 1035 2003 nihil
1089 1952 1145 2003 in
1198 1961 1321 2004 tota
1378 1953 1542 2004 India
1596 1971 1756 2021 aeque
1809 1953 1967 2020 pium
2015 1970 2081 2004 ac
2128 1969 2287 2003 sanc-

655 2048 777 2090 tum
843 2039 1101 2106 reperiri;
1177 2039 1458 2106 ejusmodi
1524 2047 1716 2091 autem
1784 2040 1989 2090 domus
2056 2037 2287 2090 Christo

654 2125 891 2186 dicatas,
977 2126 1390 2177 conciliatrices
1474 2143 1597 2176 esse
1676 2125 2061 2187 victoriarum,
2148 2140 2288 2192 quas

655 2211 841 2262 adhuc
906 2212 1113 2263 multas
1174 2221 1346 2280 atque
1408 2212 1709 2280 praeclaras
1772 2213 1841 2263 de
1904 2212 2148 2264 ethnicis
2207 2228 2286 2262 re-

658 2298 924 2366 portavit,
989 2307 1293 2366 speratque
1355 2299 1410 2350 in
1472 2307 1764 2366 posterum
1827 2299 2001 2351 etiam
2063 2297 2291 2366 praecla-

658 2384 833 2436 riores
887 2402 963 2446 se,
1023 2386 1147 2437 Deo
1202 2385 1528 2453 adjuvante,
1585 2384 1914 2437 relaturum.
1997 2386 2186 2453 Quare
2237 2391 2293 2437 te

661 2490 783 2539 ego,
851 2491 951 2539 per
1017 2471 1311 2524 Christum
1372 2471 1685 2524 Dominum
1752 2473 1987 2541 ejusque
2061 2474 2294 2534 cultum,

658 2558 833 2611 etiam
888 2567 1059 2627 atque
1112 2559 1282 2611 etiam
1339 2578 1494 2627 rogO,
1552 2570 1611 2611 ut
1665 2560 1778 2611 tuis
1841 2560 2131 2629 totiusque
2196 2562 2293 2611 So-

659 2647 883 2696 cietatis
953 2647 1215 2712 precibus
1291 2647 1602 2696 Martinum
1677 2649 1879 2697 Sosam
1954 2648 2079 2698 Deo
2144 2663 2293 2697 com-

660 2734 1049 2784 mendandum
1105 2750 1292 2794 cures;
1362 2750 1474 2800 quo
1526 2733 1789 2785 videlicet
1845 2732 1983 2785 satis
2036 2732 2111 2784 illi
2167 2749 2295 2784 con-

661 2819 767 2870 silii
827 2820 1132 2889 auxiliique
1198 2820 1471 2872 divinitus
1537 2820 1881 2889 suppeditet,
1944 2820 2015 2873 ad
2074 2827 2296 2873 vastam

659 2906 806 2959 hanc
869 2908 1048 2961 Indiae
1111 2907 1467 2975 provinciam
1526 2908 1670 2960 bene
1729 2908 2056 2974 gerendam,
2118 2906 2296 2959 omni-

662 3012 866 3061 noque,
919 3002 976 3047 ut
1021 2994 1093 3047 sic
1143 3001 1373 3046 transeat
1410 3000 1505 3064 per
1551 2995 1682 3046 bona
1730 2996 2053 3064 temporalia,
2097 3002 2154 3047 ut
2197 3012 2298 3046 non

664 3082 873 3135 amittat
925 3090 1132 3134 aeterna.
