2645 3907
637 368 735 419 152
1004 366 1186 402 LIBER
1230 367 1289 402 ΙΙ.
1312 381 1383 386 —
1406 365 1696 403 EPISTOLA
1735 364 1885 403 XXIV.

633 498 891 551 tentandi
955 498 1229 549 habuerit.
1303 499 1514 566 Scripsi
1567 500 1635 548 ad
1690 507 1746 549 te
1799 516 1977 565 nuper
2028 499 2097 549 de
2150 498 2256 550 hoc

635 593 857 647 eventU,
907 585 1169 653 famaque
1218 587 1287 637 de
1333 585 1427 636 illo
1475 602 1687 653 sparsa,
1737 584 1931 636 fusiuS.
1982 586 2070 637 Eo
2117 583 2257 637 mihi

636 672 1014 723 necessarium
1072 679 1156 724 est
1211 671 1390 739 magis
1443 678 1803 739 perspectum
1857 669 2063 723 habere
2117 669 2252 736 quid

638 758 694 808 in
740 773 798 808 re
846 757 935 818 sit,
985 758 1136 824 quod
1183 774 1249 808 ex
1293 774 1358 809 ea
1412 755 1615 809 notitia
1666 755 1876 822 pendet
1930 753 2260 807 deliberatio

637 841 1000 910 profectionis
1054 843 1124 893 ad
1179 861 1366 909 regem
1422 850 1648 893 nostrae.
1706 842 1765 891 Si
1818 841 1968 892 enim
2023 841 2081 891 id
2128 840 2256 891 faci-

638 947 744 980 nus
790 936 844 979 et
891 947 1019 978 vere
1066 928 1398 989 admissum,
1452 936 1507 978 et
1555 929 1787 977 omnino
1834 927 1948 977 tale
1995 934 2080 977 est
2128 943 2259 994 qua-

638 1014 688 1064 le
735 1021 1010 1075 narratur,
1069 1013 1266 1064 melius
1312 1013 1554 1065 arbitror
1600 1012 1985 1081 supersedere,
2035 1028 2138 1065 nec
2184 1011 2259 1064 of-

641 1100 782 1151 ferre
853 1100 946 1151 isti
1018 1099 1158 1151 aulae
1224 1117 1287 1151 os
1353 1107 1607 1151 nostrum
1675 1106 1795 1150 tam
1860 1097 2262 1167 exprobrabilis

640 1204 810 1237 ausus
883 1186 1231 1238 conscientia
1309 1186 1578 1238 invisum:
1649 1203 1826 1255 ⁴quem
1901 1185 2050 1237 enirn
2125 1185 2261 1238 latet

641 1290 811 1341 quam
866 1273 1073 1341 ubique
1134 1292 1233 1340 per
1298 1273 1433 1325 illud
1499 1290 1752 1341 regnum,
1819 1290 1884 1324 ac
1949 1272 2260 1341 praesertim

643 1361 698 1411 in
753 1360 925 1412 domo
982 1360 1270 1428 principis,
1326 1360 1589 1412 odiosum
1643 1359 1836 1411 haberi
1890 1377 2120 1411 necesse
2173 1358 2261 1421 sit,

643 1464 756 1497 non
832 1463 954 1497 esse
1027 1445 1269 1498 veritum
1346 1453 1640 1498 externum
1706 1439 1995 1497 hominem
2062 1444 2264 1497 inferre

642 1531 918 1585 violentas
982 1549 1183 1584 manus
1247 1531 1303 1583 in
1366 1530 1699 1583 familiarem
1762 1531 1952 1599 magni
2011 1531 2157 1600 regis
2208 1531 2263 1582 in

642 1618 767 1670 loco
841 1617 1073 1670 ditionis
1146 1618 1267 1686 ejus
1285 1639 1296 1679 ;
1375 1618 1619 1669 maxime
1684 1637 1812 1670 curn
1877 1618 2042 1686 longe
2106 1618 2265 1670 aliter

644 1705 763 1774 ipse
815 1723 910 1756 rex
963 1723 1021 1756 se
1074 1705 1370 1758 nobiscum
1432 1706 1624 1774 gerat?
1699 1705 1937 1775 Excepit
1990 1705 2036 1758 is
2089 1723 2265 1775 nuper

646 1792 882 1843 mirifica
928 1793 1198 1844 comitate
1248 1794 1308 1844 P.
1367 1793 1733 1845 Franciscum
1789 1792 2086 1853 Coellium,
2136 1810 2263 1844 con-

645 1877 927 1945 cessitque
990 1877 1095 1945 ipsi
1157 1877 1369 1945 prolixe
1431 1878 1705 1946 quidquid
1768 1879 1930 1946 petiit
1994 1879 2051 1930 in
2115 1897 2264 1930 com-

646 1964 877 2017 modum
943 1963 1381 2017 christianorum
1437 1965 1704 2028 istorum3
1779 1967 1932 2035 quin,
1999 1967 2142 2018 adeo
2208 1984 2265 2017 se

646 2070 990 2119 propensum
1044 2054 1540 2106 commendatione
1598 2055 1781 2106 Patris
1834 2055 1890 2106 in
1940 2054 2142 2106 horum
2192 2053 2265 2105 fa—

645 2156 837 2189 vorem
892 2139 1149 2206 praebuit,
1206 2147 1265 2191 ut
1318 2157 1430 2207 quo
1484 2140 1564 2192 eis
1618 2139 2084 2192 honorificentius
2137 2157 2266 2191 con-

647 2223 869 2285 suleret,
930 2232 1172 2291 quatuor
1233 2226 1674 2292 Manaparenses
1732 2244 1797 2276 ex
1856 2225 2107 2293 ipsorum
2169 2243 2266 2275 nu-

646 2326 819 2370 merO,
877 2309 1020 2361 ultro
1071 2311 1445 2379 patangatinos
1508 2311 1798 2373 creaverit,
1863 2311 2032 2379 idque
2096 2310 2269 2379 gratis

647 2405 700 2448 et
749 2395 869 2448 sine
912 2396 1023 2448 ullo
1065 2396 1256 2466 populi
1305 2406 1563 2466 sumptu:
1619 2417 1770 2461 nam,
1817 2399 1968 2467 quod
2011 2398 2267 2450 Pularum

646 2492 920 2550 tempore,
965 2484 1218 2552 pecuniae
1267 2485 1557 2554 quidpiam
1603 2486 1746 2554 exigi
1795 2503 1862 2538 eo
1908 2484 2138 2538 nomine
2186 2500 2269 2536 so-

647 2569 815 2631 lebat,
879 2571 1217 2622 nominatim
1280 2571 1458 2623 vetuit
1523 2590 1592 2623 ne
1656 2573 1833 2624 fieret.
1891 2571 2272 2638 Similiterque

644 2655 701 2706 in
754 2655 876 2706 aliis
927 2655 1082 2717 lociS,
1127 2658 1497 2725 patangatinos
1549 2666 1682 2719 treS,
1739 2658 1849 2710 ulla
1912 2657 2267 2726 popularium

651 2749 912 2811 expensa,
958 2742 1269 2807 constituit,
1330 2752 1534 2798 cuncta
1591 2744 1700 2798 ista
1752 2746 2052 2798 decernere
2106 2762 2164 2796 se
2217 2743 2271 2794 in

656 2829 837 2882 Patris
899 2830 992 2897 qui
1056 2849 1203 2892 eum,
1269 2840 1328 2883 ut
1393 2832 1524 2893 dixi,
1585 2833 1801 2884 adierat
1856 2832 2052 2884 Coellii
2105 2830 2270 2899 grati-

652 2934 762 2978 am,
816 2916 1349 2969 benevolentissime
1403 2927 1665 2970 testatuS.

726 3002 831 3053 Per
882 3011 1155 3070 quantum
1214 3004 1397 3055 Deum
1453 3022 1629 3067 amaS,
1681 3007 1936 3058 obtestor
1980 3013 2056 3067 te,
2106 3001 2273 3071 signi-

651 3089 756 3142 fica
810 3090 1077 3160 praefecto
1130 3092 1588 3148 accuratissimis,
1639 3111 1766 3145 meo
1821 3093 1994 3159 etiam
2049 3090 2276 3144 nomine
