<?xml version="1.0" encoding="UTF-8"?>
<!DOCTYPE html PUBLIC "-//W3C//DTD XHTML 1.0 Transitional//EN"
    "http://www.w3.org/TR/xhtml1/DTD/xhtml1-transitional.dtd">
<html xmlns="http://www.w3.org/1999/xhtml" xml:lang="en" lang="en">
 <head>
  <title>
</title>
<meta http-equiv="Content-Type" content="text/html;charset=utf-8" />
  <meta name='ocr-system' content='tesseract 3.04.00' />
  <meta name='ocr-capabilities' content='ocr_page ocr_carea ocr_par ocr_line ocrx_word'/>
</head>
<body>
  <div class='ocr_page' id='page_1' title='image "./pts_epistolae_3720-0638_v1_0043.png"; bbox 0 0 2692 3907; ppageno 0'>
   <div class='ocr_carea' id='block_1_1' title="bbox 742 356 1952 407">
    <p class='ocr_par' dir='ltr' id='par_1_1' title="bbox 742 356 1952 407">
     <span class='ocr_line' id='line_1_1' title="bbox 742 356 1952 407; baseline -0.002 -13"><span class='ocrx_word' id='word_1_1' title='bbox 742 357 812 407; x_wconf 85' lang='grc'>24</span> <span class='ocrx_word' id='word_1_2' title='bbox 1164 356 1346 392; x_wconf 90' lang='lat' dir='ltr'><strong>LIBER</strong></span> <span class='ocrx_word' id='word_1_3' title='bbox 1387 357 1424 392; x_wconf 90' lang='lat' dir='ltr'>I.</span> <span class='ocrx_word' id='word_1_4' title='bbox 1448 371 1520 377; x_wconf 88' lang='lat'>—</span> <span class='ocrx_word' id='word_1_5' title='bbox 1541 356 1835 392; x_wconf 89' lang='lat' dir='ltr'>EPISTOLA</span> <span class='ocrx_word' id='word_1_6' title='bbox 1877 357 1952 392; x_wconf 89' lang='lat' dir='ltr'>IV.</span> 
     </span>
    </p>
   </div>
   <div class='ocr_carea' id='block_1_2' title="bbox 740 485 2396 556">
    <p class='ocr_par' dir='ltr' id='par_1_2' title="bbox 740 485 2396 556">
     <span class='ocr_line' id='line_1_2' title="bbox 740 485 2396 556; baseline 0.002 -18"><span class='ocrx_word' id='word_1_7' title='bbox 740 485 1121 555; x_wconf 80' lang='lat' dir='ltr'>prosequitur.</span> <span class='ocrx_word' id='word_1_8' title='bbox 1184 485 1361 538; x_wconf 84' lang='lat' dir='ltr'>Binas</span> <span class='ocrx_word' id='word_1_9' title='bbox 1402 504 1433 538; x_wconf 90' lang='lat' dir='ltr'>a</span> <span class='ocrx_word' id='word_1_10' title='bbox 1473 494 1529 539; x_wconf 90' lang='lat' dir='ltr'>te</span> <span class='ocrx_word' id='word_1_11' title='bbox 1582 486 1800 540; x_wconf 80' lang='lat' dir='ltr'>litteras</span> <span class='ocrx_word' id='word_1_12' title='bbox 1840 486 2053 556; x_wconf 89' lang='lat' dir='ltr'>accepi,</span> <span class='ocrx_word' id='word_1_13' title='bbox 2104 493 2396 555; x_wconf 84' lang='lat' dir='ltr'>utrasque.</span> 
     </span>
    </p>
   </div>
   <div class='ocr_carea' id='block_1_3' title="bbox 714 574 2373 3077">
    <p class='ocr_par' dir='ltr' id='par_1_3' title="bbox 739 574 2371 715">
     <span class='ocr_line' id='line_1_3' title="bbox 740 574 2371 645; baseline -0.001 -18"><span class='ocrx_word' id='word_1_14' title='bbox 740 576 1068 644; x_wconf 89' lang='lat' dir='ltr'>perbreves;</span> <span class='ocrx_word' id='word_1_15' title='bbox 1136 575 1344 628; x_wconf 88' lang='lat' dir='ltr'>alteras</span> <span class='ocrx_word' id='word_1_16' title='bbox 1406 576 1648 644; x_wconf 89' lang='lat' dir='ltr'>scriptas</span> <span class='ocrx_word' id='word_1_17' title='bbox 1707 591 1785 629; x_wconf 87' lang='lat' dir='ltr'>VI.</span> <span class='ocrx_word' id='word_1_18' title='bbox 1853 576 1989 629; x_wconf 89' lang='lat' dir='ltr'>Idus</span> <span class='ocrx_word' id='word_1_19' title='bbox 2049 574 2224 645; x_wconf 91' lang='lat' dir='ltr'>Junii,</span> <span class='ocrx_word' id='word_1_20' title='bbox 2297 574 2371 627; x_wconf 93' lang='lat' dir='ltr'>al-</span> 
     </span>
     <span class='ocr_line' id='line_1_4' title="bbox 739 661 1453 715; baseline 0 -1"><span class='ocrx_word' id='word_1_21' title='bbox 739 669 890 715; x_wconf 91' lang='lat' dir='ltr'>teras</span> <span class='ocrx_word' id='word_1_22' title='bbox 959 661 1230 714; x_wconf 78' lang='lat' dir='ltr'>Kalendis</span> <span class='ocrx_word' id='word_1_23' title='bbox 1298 661 1453 714; x_wconf 90' lang='lat' dir='ltr'>Maii.</span> 
     </span>
    </p>

    <p class='ocr_par' dir='ltr' id='par_1_4' title="bbox 729 748 2373 1252">
     <span class='ocr_line' id='line_1_5' title="bbox 813 748 2373 818; baseline 0.001 -18"><span class='ocrx_word' id='word_1_24' title='bbox 813 749 1064 801; x_wconf 89' lang='lat' dir='ltr'>Domino</span> <span class='ocrx_word' id='word_1_25' title='bbox 1125 748 1312 817; x_wconf 86' lang='lat' dir='ltr'>legato</span> <span class='ocrx_word' id='word_1_26' title='bbox 1364 757 1691 818; x_wconf 84' lang='lat' dir='ltr'>pergratum</span> <span class='ocrx_word' id='word_1_27' title='bbox 1755 749 1859 803; x_wconf 92' lang='lat' dir='ltr'>erit</span> <span class='ocrx_word' id='word_1_28' title='bbox 1918 749 2174 818; x_wconf 91' lang='lat' dir='ltr'>accipere</span> <span class='ocrx_word' id='word_1_29' title='bbox 2231 767 2264 801; x_wconf 90' lang='lat' dir='ltr'>a</span> <span class='ocrx_word' id='word_1_30' title='bbox 2315 756 2373 801; x_wconf 92' lang='lat' dir='ltr'>te</span> 
     </span>
     <span class='ocr_line' id='line_1_6' title="bbox 736 834 2371 904; baseline 0.001 -18"><span class='ocrx_word' id='word_1_31' title='bbox 736 835 984 904; x_wconf 79' lang='lat' dir='ltr'>aliquam</span> <span class='ocrx_word' id='word_1_32' title='bbox 1041 835 1369 903; x_wconf 89' lang='lat' dir='ltr'>epistolam:</span> <span class='ocrx_word' id='word_1_33' title='bbox 1426 854 1597 903; x_wconf 92' lang='lat' dir='ltr'>quam</span> <span class='ocrx_word' id='word_1_34' title='bbox 1656 836 1727 889; x_wconf 92' lang='lat' dir='ltr'>ad</span> <span class='ocrx_word' id='word_1_35' title='bbox 1781 853 1910 888; x_wconf 92' lang='lat' dir='ltr'>eum</span> <span class='ocrx_word' id='word_1_36' title='bbox 1969 834 2196 898; x_wconf 90' lang='lat' dir='ltr'>dedisti,</span> <span class='ocrx_word' id='word_1_37' title='bbox 2249 853 2371 903; x_wconf 90' lang='lat' dir='ltr'>per-</span> 
     </span>
     <span class='ocr_line' id='line_1_7' title="bbox 734 921 2369 990; baseline 0.001 -17"><span class='ocrx_word' id='word_1_38' title='bbox 734 921 910 974; x_wconf 83' lang='lat' dir='ltr'>latam</span> <span class='ocrx_word' id='word_1_39' title='bbox 979 921 1085 990; x_wconf 90' lang='lat' dir='ltr'>ipsi</span> <span class='ocrx_word' id='word_1_40' title='bbox 1158 922 1294 974; x_wconf 92' lang='lat' dir='ltr'>dum</span> <span class='ocrx_word' id='word_1_41' title='bbox 1367 930 1516 975; x_wconf 91' lang='lat' dir='ltr'>esset</span> <span class='ocrx_word' id='word_1_42' title='bbox 1585 922 1641 973; x_wconf 92' lang='lat' dir='ltr'>in</span> <span class='ocrx_word' id='word_1_43' title='bbox 1712 922 1912 975; x_wconf 89' lang='lat' dir='ltr'>itinere</span> <span class='ocrx_word' id='word_1_44' title='bbox 1983 924 2170 975; x_wconf 89' lang='lat' dir='ltr'>Roma</span> <span class='ocrx_word' id='word_1_45' title='bbox 2240 921 2369 986; x_wconf 86' lang='lat' dir='ltr'>hue,</span> 
     </span>
     <span class='ocr_line' id='line_1_8' title="bbox 729 1008 2367 1078; baseline 0.001 -18"><span class='ocrx_word' id='word_1_46' title='bbox 729 1008 820 1060; x_wconf 86' lang='lat' dir='ltr'>vix</span> <span class='ocrx_word' id='word_1_47' title='bbox 873 1011 1072 1061; x_wconf 89' lang='lat' dir='ltr'>credas</span> <span class='ocrx_word' id='word_1_48' title='bbox 1125 1017 1340 1078; x_wconf 91' lang='lat' dir='ltr'>quanta</span> <span class='ocrx_word' id='word_1_49' title='bbox 1393 1027 1528 1062; x_wconf 90' lang='lat' dir='ltr'>cura</span> <span class='ocrx_word' id='word_1_50' title='bbox 1581 1017 1896 1063; x_wconf 89' lang='lat' dir='ltr'>conservet.</span> <span class='ocrx_word' id='word_1_51' title='bbox 1965 1009 2025 1062; x_wconf 89' lang='lat' dir='ltr'>Si</span> <span class='ocrx_word' id='word_1_52' title='bbox 2078 1026 2193 1061; x_wconf 92' lang='lat' dir='ltr'>non</span> <span class='ocrx_word' id='word_1_53' title='bbox 2239 1026 2367 1076; x_wconf 93' lang='lat' dir='ltr'>pos-</span> 
     </span>
     <span class='ocr_line' id='line_1_9' title="bbox 729 1096 2368 1166; baseline -0.002 -15"><span class='ocrx_word' id='word_1_54' title='bbox 729 1114 819 1151; x_wconf 85' lang='lat' dir='ltr'>ses</span> <span class='ocrx_word' id='word_1_55' title='bbox 873 1097 1135 1160; x_wconf 88' lang='lat' dir='ltr'>scribere,</span> <span class='ocrx_word' id='word_1_56' title='bbox 1191 1096 1279 1150; x_wconf 90' lang='lat' dir='ltr'>fac</span> <span class='ocrx_word' id='word_1_57' title='bbox 1332 1104 1392 1150; x_wconf 88' lang='lat' dir='ltr'>ut</span> <span class='ocrx_word' id='word_1_58' title='bbox 1446 1116 1587 1165; x_wconf 90' lang='lat' dir='ltr'>quas</span> <span class='ocrx_word' id='word_1_59' title='bbox 1643 1096 1914 1166; x_wconf 82' lang='lat' dir='ltr'>epistolas</span> <span class='ocrx_word' id='word_1_60' title='bbox 1967 1096 2161 1150; x_wconf 85' lang='lat' dir='ltr'>scribit</span> <span class='ocrx_word' id='word_1_61' title='bbox 2215 1098 2368 1149; x_wconf 84' lang='lat' dir='ltr'>Stra-</span> 
     </span>
     <span class='ocr_line' id='line_1_10' title="bbox 730 1184 1617 1252; baseline -0.002 -15"><span class='ocrx_word' id='word_1_62' title='bbox 730 1186 803 1237; x_wconf 92' lang='lat' dir='ltr'>da</span> <span class='ocrx_word' id='word_1_63' title='bbox 856 1184 1142 1252; x_wconf 90' lang='lat' dir='ltr'>possimus</span> <span class='ocrx_word' id='word_1_64' title='bbox 1195 1184 1246 1235; x_wconf 89' lang='lat' dir='ltr'>ei</span> <span class='ocrx_word' id='word_1_65' title='bbox 1299 1187 1617 1235; x_wconf 89' lang='lat' dir='ltr'>ostendere.</span> 
     </span>
    </p>

    <p class='ocr_par' dir='ltr' id='par_1_5' title="bbox 714 1270 2367 2207">
     <span class='ocr_line' id='line_1_11' title="bbox 803 1270 2367 1341; baseline 0.002 -19"><span class='ocrx_word' id='word_1_66' title='bbox 803 1273 933 1322; x_wconf 92' lang='lat' dir='ltr'>Hoc</span> <span class='ocrx_word' id='word_1_67' title='bbox 986 1271 1110 1340; x_wconf 89' lang='lat' dir='ltr'>ipso</span> <span class='ocrx_word' id='word_1_68' title='bbox 1157 1271 1433 1340; x_wconf 89' lang='lat' dir='ltr'>temporis</span> <span class='ocrx_word' id='word_1_69' title='bbox 1480 1279 1694 1341; x_wconf 91' lang='lat' dir='ltr'>puncto</span> <span class='ocrx_word' id='word_1_70' title='bbox 1741 1270 2092 1340; x_wconf 84' lang='lat' dir='ltr'>accingimus</span> <span class='ocrx_word' id='word_1_71' title='bbox 2144 1286 2249 1324; x_wconf 91' lang='lat' dir='ltr'>nos</span> <span class='ocrx_word' id='word_1_72' title='bbox 2295 1271 2367 1325; x_wconf 88' lang='lat' dir='ltr'>ad</span> 
     </span>
     <span class='ocr_line' id='line_1_12' title="bbox 726 1355 2365 1423; baseline -0.002 -12"><span class='ocrx_word' id='word_1_73' title='bbox 726 1358 916 1411; x_wconf 90' lang='lat' dir='ltr'>danda</span> <span class='ocrx_word' id='word_1_74' title='bbox 977 1357 1246 1411; x_wconf 83' lang='lat' dir='ltr'>exercitia</span> <span class='ocrx_word' id='word_1_75' title='bbox 1302 1357 1524 1410; x_wconf 93' lang='lat' dir='ltr'>duobus</span> <span class='ocrx_word' id='word_1_76' title='bbox 1579 1356 1885 1411; x_wconf 90' lang='lat' dir='ltr'>licentiatis</span> <span class='ocrx_word' id='word_1_77' title='bbox 1948 1356 2004 1409; x_wconf 90' lang='lat' dir='ltr'>in</span> <span class='ocrx_word' id='word_1_78' title='bbox 2059 1355 2365 1423; x_wconf 82' lang='lat' dir='ltr'>theologia,</span> 
     </span>
     <span class='ocr_line' id='line_1_13' title="bbox 724 1443 2365 1512; baseline -0.001 -16"><span class='ocrx_word' id='word_1_79' title='bbox 724 1462 966 1512; x_wconf 92' lang='lat' dir='ltr'>quorum</span> <span class='ocrx_word' id='word_1_80' title='bbox 1045 1463 1190 1495; x_wconf 91' lang='lat' dir='ltr'>unus</span> <span class='ocrx_word' id='word_1_81' title='bbox 1268 1451 1353 1496; x_wconf 91' lang='lat' dir='ltr'>est</span> <span class='ocrx_word' id='word_1_82' title='bbox 1430 1443 1594 1495; x_wconf 88' lang='lat' dir='ltr'>valde</span> <span class='ocrx_word' id='word_1_83' title='bbox 1665 1444 1900 1495; x_wconf 90' lang='lat' dir='ltr'>celebris</span> <span class='ocrx_word' id='word_1_84' title='bbox 1978 1444 2365 1506; x_wconf 88' lang='lat' dir='ltr'>concionator,</span> 
     </span>
     <span class='ocr_line' id='line_1_14' title="bbox 724 1529 2363 1599; baseline 0 -18"><span class='ocrx_word' id='word_1_85' title='bbox 724 1530 866 1582; x_wconf 92' lang='lat' dir='ltr'>alter</span> <span class='ocrx_word' id='word_1_86' title='bbox 922 1531 1270 1599; x_wconf 86' lang='lat' dir='ltr'>paedagogus</span> <span class='ocrx_word' id='word_1_87' title='bbox 1325 1530 1513 1582; x_wconf 90' lang='lat' dir='ltr'>fratris</span> <span class='ocrx_word' id='word_1_88' title='bbox 1568 1530 1733 1598; x_wconf 81' lang='lat' dir='ltr'>regiS,</span> <span class='ocrx_word' id='word_1_89' title='bbox 1794 1530 2037 1583; x_wconf 88' lang='lat' dir='ltr'>Infantis</span> <span class='ocrx_word' id='word_1_90' title='bbox 2095 1529 2363 1581; x_wconf 91' lang='lat' dir='ltr'>nimirum</span> 
     </span>
     <span class='ocr_line' id='line_1_15' title="bbox 722 1615 2360 1670; baseline -0.002 0"><span class='ocrx_word' id='word_1_91' title='bbox 722 1616 939 1670; x_wconf 92' lang='lat' dir='ltr'>domini</span> <span class='ocrx_word' id='word_1_92' title='bbox 1021 1616 1276 1670; x_wconf 92' lang='lat' dir='ltr'>Henrici.</span> <span class='ocrx_word' id='word_1_93' title='bbox 1371 1618 1750 1669; x_wconf 91' lang='lat' dir='ltr'>Procuramus</span> <span class='ocrx_word' id='word_1_94' title='bbox 1830 1617 2003 1669; x_wconf 88' lang='lat' dir='ltr'>etiam</span> <span class='ocrx_word' id='word_1_95' title='bbox 2086 1616 2157 1667; x_wconf 90' lang='lat' dir='ltr'>ab</span> <span class='ocrx_word' id='word_1_96' title='bbox 2235 1615 2360 1667; x_wconf 89' lang='lat' dir='ltr'>aliis</span> 
     </span>
     <span class='ocr_line' id='line_1_16' title="bbox 721 1703 2358 1772; baseline 0 -18"><span class='ocrx_word' id='word_1_97' title='bbox 721 1703 979 1772; x_wconf 90' lang='lat' dir='ltr'>personis</span> <span class='ocrx_word' id='word_1_98' title='bbox 1032 1722 1146 1754; x_wconf 92' lang='lat' dir='ltr'>non</span> <span class='ocrx_word' id='word_1_99' title='bbox 1198 1703 1522 1772; x_wconf 87' lang='lat' dir='ltr'>vulgaribus</span> <span class='ocrx_word' id='word_1_100' title='bbox 1576 1723 1643 1755; x_wconf 91' lang='lat' dir='ltr'>ea</span> <span class='ocrx_word' id='word_1_101' title='bbox 1695 1705 2030 1766; x_wconf 83' lang='lat' dir='ltr'>desiderari3</span> <span class='ocrx_word' id='word_1_102' title='bbox 2084 1703 2358 1772; x_wconf 86' lang='lat' dir='ltr'>persuasi,</span> 
     </span>
     <span class='ocr_line' id='line_1_17' title="bbox 719 1789 2358 1860; baseline 0 -18"><span class='ocrx_word' id='word_1_103' title='bbox 719 1808 833 1860; x_wconf 91' lang='lat' dir='ltr'>quo</span> <span class='ocrx_word' id='word_1_104' title='bbox 903 1790 1105 1859; x_wconf 91' lang='lat' dir='ltr'>majori</span> <span class='ocrx_word' id='word_1_105' title='bbox 1177 1791 1459 1844; x_wconf 89' lang='lat' dir='ltr'>desiderio</span> <span class='ocrx_word' id='word_1_106' title='bbox 1526 1808 1592 1843; x_wconf 91' lang='lat' dir='ltr'>ea</span> <span class='ocrx_word' id='word_1_107' title='bbox 1662 1790 2024 1859; x_wconf 91' lang='lat' dir='ltr'>appetierint,</span> <span class='ocrx_word' id='word_1_108' title='bbox 2094 1807 2161 1844; x_wconf 93' lang='lat' dir='ltr'>eo</span> <span class='ocrx_word' id='word_1_109' title='bbox 2232 1789 2358 1858; x_wconf 91' lang='lat' dir='ltr'>plus</span> 
     </span>
     <span class='ocr_line' id='line_1_18' title="bbox 717 1877 2363 1946; baseline -0.001 -15"><span class='ocrx_word' id='word_1_110' title='bbox 717 1897 784 1931; x_wconf 87' lang='lat' dir='ltr'>ex</span> <span class='ocrx_word' id='word_1_111' title='bbox 838 1878 904 1930; x_wconf 91' lang='lat' dir='ltr'>iis</span> <span class='ocrx_word' id='word_1_112' title='bbox 959 1877 1223 1931; x_wconf 90' lang='lat' dir='ltr'>utilitatis</span> <span class='ocrx_word' id='word_1_113' title='bbox 1275 1885 1661 1946; x_wconf 91' lang='lat' dir='ltr'>percepturos.</span> <span class='ocrx_word' id='word_1_114' title='bbox 1731 1879 1837 1931; x_wconf 88' lang='lat' dir='ltr'>Est</span> <span class='ocrx_word' id='word_1_115' title='bbox 1896 1878 2045 1931; x_wconf 92' lang='lat' dir='ltr'>unde</span> <span class='ocrx_word' id='word_1_116' title='bbox 2100 1877 2363 1930; x_wconf 91' lang='lat' dir='ltr'>laudetur</span> 
     </span>
     <span class='ocr_line' id='line_1_19' title="bbox 720 1964 2361 2026; baseline -0.002 -8"><span class='ocrx_word' id='word_1_117' title='bbox 720 1967 879 2018; x_wconf 93' lang='lat' dir='ltr'>Deus</span> <span class='ocrx_word' id='word_1_118' title='bbox 939 1964 1226 2017; x_wconf 92' lang='lat' dir='ltr'>Dominus</span> <span class='ocrx_word' id='word_1_119' title='bbox 1287 1972 1497 2026; x_wconf 91' lang='lat' dir='ltr'>noster,</span> <span class='ocrx_word' id='word_1_120' title='bbox 1553 1966 1689 2016; x_wconf 91' lang='lat' dir='ltr'>dum</span> <span class='ocrx_word' id='word_1_121' title='bbox 1752 1965 2012 2016; x_wconf 90' lang='lat' dir='ltr'>videmus</span> <span class='ocrx_word' id='word_1_122' title='bbox 2066 1964 2159 2016; x_wconf 93' lang='lat' dir='ltr'>hic</span> <span class='ocrx_word' id='word_1_123' title='bbox 2223 1965 2361 2015; x_wconf 94' lang='lat' dir='ltr'>mul-</span> 
     </span>
     <span class='ocr_line' id='line_1_20' title="bbox 714 2052 2359 2107; baseline 0.001 -2"><span class='ocrx_word' id='word_1_124' title='bbox 714 2061 805 2105; x_wconf 90' lang='lat' dir='ltr'>tos</span> <span class='ocrx_word' id='word_1_125' title='bbox 873 2061 1071 2104; x_wconf 89' lang='lat' dir='ltr'>sancta</span> <span class='ocrx_word' id='word_1_126' title='bbox 1137 2052 1512 2105; x_wconf 87' lang='lat' dir='ltr'>confessionis</span> <span class='ocrx_word' id='word_1_127' title='bbox 1573 2060 1628 2107; x_wconf 86' lang='lat' dir='ltr'>et</span> <span class='ocrx_word' id='word_1_128' title='bbox 1695 2052 2117 2106; x_wconf 83' lang='lat' dir='ltr'>communionis</span> <span class='ocrx_word' id='word_1_129' title='bbox 2176 2069 2359 2106; x_wconf 83' lang='lat' dir='ltr'>sacra-</span> 
     </span>
     <span class='ocr_line' id='line_1_21' title="bbox 719 2139 1413 2207; baseline -0.001 -14"><span class='ocrx_word' id='word_1_130' title='bbox 719 2147 913 2194; x_wconf 90' lang='lat' dir='ltr'>menta</span> <span class='ocrx_word' id='word_1_131' title='bbox 968 2139 1413 2207; x_wconf 80' lang='lat' dir='ltr'>frequentantes,</span> 
     </span>
    </p>

    <p class='ocr_par' dir='ltr' id='par_1_6' title="bbox 717 2227 2362 3077">
     <span class='ocr_line' id='line_1_22' title="bbox 797 2227 2358 2295; baseline 0 -15"><span class='ocrx_word' id='word_1_132' title='bbox 797 2228 999 2280; x_wconf 85' lang='lat' dir='ltr'>Statue</span> <span class='ocrx_word' id='word_1_133' title='bbox 1065 2227 1141 2278; x_wconf 91' lang='lat' dir='ltr'>sis</span> <span class='ocrx_word' id='word_1_134' title='bbox 1209 2227 1345 2295; x_wconf 90' lang='lat' dir='ltr'>quid</span> <span class='ocrx_word' id='word_1_135' title='bbox 1413 2227 1516 2279; x_wconf 90' lang='lat' dir='ltr'>tibi</span> <span class='ocrx_word' id='word_1_136' title='bbox 1582 2228 1843 2280; x_wconf 88' lang='lat' dir='ltr'>videatur</span> <span class='ocrx_word' id='word_1_137' title='bbox 1910 2229 1979 2280; x_wconf 89' lang='lat' dir='ltr'>de</span> <span class='ocrx_word' id='word_1_138' title='bbox 2049 2229 2358 2281; x_wconf 90' lang='lat' dir='ltr'>Francisco</span> 
     </span>
     <span class='ocr_line' id='line_1_23' title="bbox 722 2316 2355 2384; baseline 0.002 -17"><span class='ocrx_word' id='word_1_139' title='bbox 722 2316 956 2368; x_wconf 86' lang='lat' dir='ltr'>Strada:</span> <span class='ocrx_word' id='word_1_140' title='bbox 1016 2316 1219 2384; x_wconf 89' lang='lat' dir='ltr'>ecquid</span> <span class='ocrx_word' id='word_1_141' title='bbox 1278 2316 1499 2384; x_wconf 89' lang='lat' dir='ltr'>placeat</span> <span class='ocrx_word' id='word_1_142' title='bbox 1560 2316 1785 2369; x_wconf 89' lang='lat' dir='ltr'>mittere</span> <span class='ocrx_word' id='word_1_143' title='bbox 1844 2334 1973 2369; x_wconf 90' lang='lat' dir='ltr'>eum</span> <span class='ocrx_word' id='word_1_144' title='bbox 2039 2317 2096 2369; x_wconf 92' lang='lat' dir='ltr'>in</span> <span class='ocrx_word' id='word_1_145' title='bbox 2155 2318 2355 2370; x_wconf 89' lang='lat' dir='ltr'>acade-</span> 
     </span>
     <span class='ocr_line' id='line_1_24' title="bbox 721 2403 2362 2468; baseline 0.001 -12"><span class='ocrx_word' id='word_1_146' title='bbox 721 2404 894 2456; x_wconf 90' lang='lat' dir='ltr'>miam</span> <span class='ocrx_word' id='word_1_147' title='bbox 957 2403 1506 2457; x_wconf 89' lang='lat' dir='ltr'>Conimbricensem.</span> <span class='ocrx_word' id='word_1_148' title='bbox 1566 2405 1716 2456; x_wconf 91' lang='lat' dir='ltr'>Nam</span> <span class='ocrx_word' id='word_1_149' title='bbox 1782 2403 1857 2457; x_wconf 89' lang='lat' dir='ltr'>ibi</span> <span class='ocrx_word' id='word_1_150' title='bbox 1927 2422 2030 2457; x_wconf 92' lang='lat' dir='ltr'>nec</span> <span class='ocrx_word' id='word_1_151' title='bbox 2095 2403 2190 2468; x_wconf 90' lang='lat' dir='ltr'>illi,</span> <span class='ocrx_word' id='word_1_152' title='bbox 2258 2423 2362 2458; x_wconf 90' lang='lat' dir='ltr'>nec</span> 
     </span>
     <span class='ocr_line' id='line_1_25' title="bbox 717 2491 2360 2561; baseline 0.001 -18"><span class='ocrx_word' id='word_1_153' title='bbox 717 2491 842 2544; x_wconf 90' lang='lat' dir='ltr'>aliis</span> <span class='ocrx_word' id='word_1_154' title='bbox 894 2491 1132 2543; x_wconf 91' lang='lat' dir='ltr'>deerunt</span> <span class='ocrx_word' id='word_1_155' title='bbox 1180 2491 1500 2543; x_wconf 89' lang='lat' dir='ltr'>necessaria</span> <span class='ocrx_word' id='word_1_156' title='bbox 1552 2491 1623 2543; x_wconf 92' lang='lat' dir='ltr'>ad</span> <span class='ocrx_word' id='word_1_157' title='bbox 1677 2509 1871 2543; x_wconf 92' lang='lat' dir='ltr'>eorum</span> <span class='ocrx_word' id='word_1_158' title='bbox 1928 2491 2135 2555; x_wconf 91' lang='lat' dir='ltr'>studia,</span> <span class='ocrx_word' id='word_1_159' title='bbox 2185 2511 2360 2561; x_wconf 90' lang='lat' dir='ltr'>quan-</span> 
     </span>
     <span class='ocr_line' id='line_1_26' title="bbox 717 2578 2359 2647; baseline 0.001 -18"><span class='ocrx_word' id='word_1_160' title='bbox 717 2588 839 2630; x_wconf 91' lang='lat' dir='ltr'>tum</span> <span class='ocrx_word' id='word_1_161' title='bbox 895 2597 1122 2646; x_wconf 91' lang='lat' dir='ltr'>sperare</span> <span class='ocrx_word' id='word_1_162' title='bbox 1174 2578 1323 2641; x_wconf 91' lang='lat' dir='ltr'>licet,</span> <span class='ocrx_word' id='word_1_163' title='bbox 1379 2597 1446 2630; x_wconf 80' lang='lat' dir='ltr'>ex</span> <span class='ocrx_word' id='word_1_164' title='bbox 1498 2596 1566 2630; x_wconf 90' lang='lat' dir='ltr'>eo</span> <span class='ocrx_word' id='word_1_165' title='bbox 1619 2580 1772 2647; x_wconf 91' lang='lat' dir='ltr'>quod</span> <span class='ocrx_word' id='word_1_166' title='bbox 1826 2579 1921 2647; x_wconf 91' lang='lat' dir='ltr'>qui</span> <span class='ocrx_word' id='word_1_167' title='bbox 1976 2579 2087 2631; x_wconf 90' lang='lat' dir='ltr'>illic</span> <span class='ocrx_word' id='word_1_168' title='bbox 2128 2580 2359 2647; x_wconf 84' lang='lat' dir='ltr'>degunt,</span> 
     </span>
     <span class='ocr_line' id='line_1_27' title="bbox 720 2663 2361 2732; baseline 0.001 -15"><span class='ocrx_word' id='word_1_169' title='bbox 720 2665 885 2717; x_wconf 91' lang='lat' dir='ltr'>valde</span> <span class='ocrx_word' id='word_1_170' title='bbox 937 2665 1082 2716; x_wconf 89' lang='lat' dir='ltr'>bene</span> <span class='ocrx_word' id='word_1_171' title='bbox 1129 2663 1384 2716; x_wconf 91' lang='lat' dir='ltr'>inclinati</span> <span class='ocrx_word' id='word_1_172' title='bbox 1438 2671 1569 2717; x_wconf 92' lang='lat' dir='ltr'>sunt</span> <span class='ocrx_word' id='word_1_173' title='bbox 1623 2664 1694 2716; x_wconf 93' lang='lat' dir='ltr'>ad</span> <span class='ocrx_word' id='word_1_174' title='bbox 1742 2682 1831 2715; x_wconf 92' lang='lat' dir='ltr'>res</span> <span class='ocrx_word' id='word_1_175' title='bbox 1884 2682 2083 2716; x_wconf 90' lang='lat' dir='ltr'>omnes</span> <span class='ocrx_word' id='word_1_176' title='bbox 2130 2664 2253 2732; x_wconf 90' lang='lat' dir='ltr'>pias</span> <span class='ocrx_word' id='word_1_177' title='bbox 2306 2673 2361 2718; x_wconf 91' lang='lat' dir='ltr'>et</span> 
     </span>
     <span class='ocr_line' id='line_1_28' title="bbox 721 2750 2361 2818; baseline 0 -15"><span class='ocrx_word' id='word_1_178' title='bbox 721 2752 928 2804; x_wconf 90' lang='lat' dir='ltr'>bonas:</span> <span class='ocrx_word' id='word_1_179' title='bbox 979 2769 1152 2818; x_wconf 92' lang='lat' dir='ltr'>quare</span> <span class='ocrx_word' id='word_1_180' title='bbox 1206 2769 1319 2802; x_wconf 92' lang='lat' dir='ltr'>non</span> <span class='ocrx_word' id='word_1_181' title='bbox 1367 2750 1697 2803; x_wconf 89' lang='lat' dir='ltr'>dubitamus</span> <span class='ocrx_word' id='word_1_182' title='bbox 1750 2750 1885 2817; x_wconf 91' lang='lat' dir='ltr'>quin</span> <span class='ocrx_word' id='word_1_183' title='bbox 1937 2751 2094 2802; x_wconf 88' lang='lat' dir='ltr'>brevi</span> <span class='ocrx_word' id='word_1_184' title='bbox 2148 2751 2204 2802; x_wconf 92' lang='lat' dir='ltr'>in</span> <span class='ocrx_word' id='word_1_185' title='bbox 2252 2752 2361 2803; x_wconf 89' lang='lat' dir='ltr'>ista</span> 
     </span>
     <span class='ocr_line' id='line_1_29' title="bbox 723 2836 2359 2904; baseline -0.001 -13"><span class='ocrx_word' id='word_1_186' title='bbox 723 2837 1092 2901; x_wconf 87' lang='lat' dir='ltr'>universitate</span> <span class='ocrx_word' id='word_1_187' title='bbox 1160 2836 1458 2904; x_wconf 86' lang='lat' dir='ltr'>collegium</span> <span class='ocrx_word' id='word_1_188' title='bbox 1529 2837 1818 2904; x_wconf 89' lang='lat' dir='ltr'>quoddam</span> <span class='ocrx_word' id='word_1_189' title='bbox 1885 2845 2210 2890; x_wconf 91' lang='lat' dir='ltr'>nostrorum</span> <span class='ocrx_word' id='word_1_190' title='bbox 2280 2838 2359 2890; x_wconf 88' lang='lat' dir='ltr'>in-</span> 
     </span>
     <span class='ocr_line' id='line_1_30' title="bbox 721 2922 2358 2991; baseline 0 -15"><span class='ocrx_word' id='word_1_191' title='bbox 721 2924 1008 2977; x_wconf 86' lang='lat' dir='ltr'>stituatur.</span> <span class='ocrx_word' id='word_1_192' title='bbox 1078 2923 1199 2975; x_wconf 90' lang='lat' dir='ltr'>Nos</span> <span class='ocrx_word' id='word_1_193' title='bbox 1257 2930 1581 2991; x_wconf 90' lang='lat' dir='ltr'>opportuno</span> <span class='ocrx_word' id='word_1_194' title='bbox 1643 2930 1902 2990; x_wconf 91' lang='lat' dir='ltr'>tempore</span> <span class='ocrx_word' id='word_1_195' title='bbox 1956 2941 2070 2975; x_wconf 91' lang='lat' dir='ltr'>non</span> <span class='ocrx_word' id='word_1_196' title='bbox 2134 2922 2358 2976; x_wconf 92' lang='lat' dir='ltr'>omitte-</span> 
     </span>
     <span class='ocr_line' id='line_1_31' title="bbox 722 3010 2357 3077; baseline 0 -15"><span class='ocrx_word' id='word_1_197' title='bbox 722 3029 848 3062; x_wconf 92' lang='lat' dir='ltr'>mus</span> <span class='ocrx_word' id='word_1_198' title='bbox 919 3028 1084 3077; x_wconf 82' lang='lat' dir='ltr'>agere</span> <span class='ocrx_word' id='word_1_199' title='bbox 1162 3028 1291 3061; x_wconf 93' lang='lat' dir='ltr'>cum</span> <span class='ocrx_word' id='word_1_200' title='bbox 1364 3028 1493 3076; x_wconf 87' lang='lat' dir='ltr'>rege</span> <span class='ocrx_word' id='word_1_201' title='bbox 1572 3011 1642 3060; x_wconf 93' lang='lat' dir='ltr'>de</span> <span class='ocrx_word' id='word_1_202' title='bbox 1713 3010 2016 3061; x_wconf 84' lang='lat' dir='ltr'>excitando</span> <span class='ocrx_word' id='word_1_203' title='bbox 2094 3010 2357 3062; x_wconf 90' lang='lat' dir='ltr'>convictu</span> 
     </span>
    </p>
   </div>
   <div class='ocr_carea' id='block_1_4' title="bbox 722 3097 2360 3170">
    <p class='ocr_par' dir='ltr' id='par_1_7' title="bbox 722 3097 2360 3170">
     <span class='ocr_line' id='line_1_32' title="bbox 722 3097 2360 3170; baseline 0.001 -22"><span class='ocrx_word' id='word_1_204' title='bbox 722 3098 1137 3152; x_wconf 81' lang='lat' dir='ltr'>studiosorum:</span> <span class='ocrx_word' id='word_1_205' title='bbox 1206 3099 1277 3151; x_wconf 86' lang='lat' dir='ltr'>ad</span> <span class='ocrx_word' id='word_1_206' title='bbox 1343 3099 1515 3170; x_wconf 90' lang='lat' dir='ltr'>quod,</span> <span class='ocrx_word' id='word_1_207' title='bbox 1584 3114 1726 3165; x_wconf 91' lang='lat' dir='ltr'>opus</span> <span class='ocrx_word' id='word_1_208' title='bbox 1791 3105 1939 3158; x_wconf 86' lang='lat' dir='ltr'>esset</span> <span class='ocrx_word' id='word_1_209' title='bbox 2000 3097 2190 3157; x_wconf 87' lang='lat' dir='ltr'>doceri</span> <span class='ocrx_word' id='word_1_210' title='bbox 2256 3114 2360 3153; x_wconf 88' lang='lat' dir='ltr'>nos</span> 
     </span>
    </p>
   </div>
   <div class='ocr_carea' id='block_1_5' title="bbox 0 0 2692 3907">
    <p class='ocr_par' dir='ltr' id='par_1_8' title="bbox 0 0 2692 3907">
     <span class='ocr_line' id='line_1_33' title="bbox 0 0 2692 3907; baseline 0 20"><span class='ocrx_word' id='word_1_211' title='bbox 0 0 2692 3907; x_wconf 95' lang='lat' dir='ltr'> </span> 
     </span>
    </p>
   </div>
   <div class='ocr_carea' id='block_1_6' title="bbox 2653 508 2692 803">
    <p class='ocr_par' dir='ltr' id='par_1_9' title="bbox 2653 508 2692 803">
     <span class='ocr_line' id='line_1_34' title="bbox 2653 508 2692 803; textangle 90"><span class='ocrx_word' id='word_1_212' title='bbox 2654 768 2692 803; x_wconf 60' lang='lat' dir='ltr'>‘A’</span> <span class='ocrx_word' id='word_1_213' title='bbox 2654 682 2687 731; x_wconf 57' lang='grc' dir='ltr'>,Ω</span> <span class='ocrx_word' id='word_1_214' title='bbox 2653 508 2692 644; x_wconf 48' lang='grc' dir='ltr'>ΕΒΑ-Ω</span> 
     </span>
    </p>
   </div>
   <div class='ocr_carea' id='block_1_7' title="bbox 2649 853 2692 1163">
    <p class='ocr_par' dir='ltr' id='par_1_10' title="bbox 2649 853 2692 1163">
     <span class='ocr_line' id='line_1_35' title="bbox 2649 853 2692 1163; textangle 90"><span class='ocrx_word' id='word_1_215' title='bbox 2649 853 2692 1163; x_wconf 62' lang='grc' dir='ltr'>,0.μοΞοἶῖ</span> 
     </span>
    </p>
   </div>
  </div>
 </body>
</html>
