2645 3907
589 385 657 438 86
1009 397 1191 434 LIBER
1232 396 1293 433 11.
1317 394 1704 433 —EPISTOLA
1743 394 1796 431 v.

1084 594 1574 656 EPISTOLA
1659 595 1729 654 V.

1042 822 1393 885 Societati
1443 824 1780 884 Romam.

668 1059 900 1127 Accepta
965 1057 1165 1109 litterae.
1231 1057 1457 1109 Xaverii
1509 1075 1567 1109 ao
1618 1056 1887 1110 Mansillae
1939 1056 2077 1126 apud
2123 1055 2222 1109 Co-

596 1145 858 1196 morinum
922 1150 1084 1212 gesta.
1147 1145 1437 1196 Puerorum
1490 1149 1641 1212 opera
1692 1150 1738 1196 et
1788 1149 2091 1212 cegrotantes
2141 1162 2222 1195 sa-

592 1236 702 1292 nat,
768 1236 814 1282 et
876 1229 1139 1299 imperitos
1203 1230 1385 1282 edocet.
1464 1230 1634 1282 Indiae
1704 1236 1895 1300 praetor
1952 1231 2225 1284 Societatis

593 1318 764 1385 reique
840 1316 1138 1369 christianae
1200 1317 1622 1368 studiosissimus.
1689 1317 1940 1385 Europaei
2002 1318 2225 1369 doctores

593 1403 1051 1455 convertendarum
1098 1404 1333 1470 gentium
1386 1404 1656 1454 incuriosi.
1715 1405 1799 1453 De
1852 1405 2037 1454 Goano
2103 1405 2223 1456 Col-

594 1491 747 1560 legio.
802 1492 885 1541 De
936 1491 1336 1541 Brachmanum
1380 1497 1428 1541 et
1473 1491 1927 1542 Comorinensium
1977 1491 2224 1553 moribus,

592 1597 651 1629 ac
698 1579 756 1628 de
803 1577 1198 1628 Brachmanum
1243 1577 1675 1646 praestantissimo
1728 1576 1965 1628 victoria.
2022 1576 2228 1629 Gaudet

593 1666 651 1715 in
708 1664 971 1724 aerumnis,
1028 1663 1253 1714 maxime
1307 1663 1371 1714 ab
1423 1662 1725 1728 confirmato
1771 1662 2044 1714 Societatis
2094 1663 2227 1731 Jesu

595 1750 858 1802 Instituto.
927 1749 1162 1817 Infantes
1206 1768 1237 1800 a
1283 1768 1332 1801 se
1391 1749 1448 1800 in
1509 1748 1691 1800 coelum
1744 1749 2039 1817 praemissos
2092 1749 2229 1819 apud

592 1838 766 1888 Deum
814 1835 1022 1887 adhibet
1072 1836 1432 1905 deprecatores.

670 2011 871 2063 Gratia
925 2018 979 2063 et
1034 2028 1195 2062 amor
1253 2009 1466 2063 Christi
1536 2009 1767 2062 Domini
1834 2010 2013 2062 nostri
2079 2009 2227 2063 adsit

596 2114 821 2164 semper
873 2095 1036 2148 nobis
1090 2095 1297 2148 auxilio
1351 2104 1404 2148 et
1460 2094 1675 2148 favore!
1758 2095 1957 2148 Amen.

599 2268 1016 2408 TERTIUS
1074 2288 1256 2323 annus
1315 2279 1418 2334 est,
1481 2287 1608 2324 cum
1669 2288 1698 2324 e
1756 2271 2052 2325 Lusitania
2119 2270 2226 2324 dis-

775 2358 945 2419 cessi3
1002 2376 1068 2410 ex
1121 2376 1234 2426 quo
1281 2358 1401 2427 jam
1456 2358 1688 2411 tertium
1743 2359 1813 2411 ad
1867 2377 1969 2411 vos
2022 2358 2226 2422 scribO,

594 2465 720 2498 cum
782 2465 924 2498 unas
983 2447 1259 2498 duntaxat
1314 2465 1346 2497 a
1398 2446 1559 2497 vobis
1617 2446 1836 2498 litteras
1889 2447 1946 2498 in
2003 2447 2227 2499 Indiam

591 2534 928 2600 acceperim,
1007 2533 1202 2585 Idibus
1283 2532 1595 2594 Februarii,
1676 2533 1823 2584 Anni
1906 2534 2222 2585 MDXLII.

593 2620 787 2671 datas:
856 2637 922 2672 ex
992 2618 1196 2687 quibus
1261 2625 1539 2687 quantum
1594 2618 1842 2686 ceperim
1896 2618 2226 2687 voluptatiS,

596 2708 753 2759 Deus
806 2715 890 2759 est
947 2705 1085 2757 mihi
1140 2706 1391 2773 optimus
1455 2705 1636 2757 testis.
1707 2707 1969 2758 Redditae
2035 2715 2227 2758 autem

592 2801 721 2845 sunt
770 2792 991 2845 duobus
1038 2793 1108 2844 ab
1155 2792 1287 2844 hinc
1335 2792 1645 2853 mensibUS,
1694 2794 1912 2844 tardius
1966 2793 2227 2844 videlicet

590 2878 823 2946 perlatae
893 2879 948 2929 in
1018 2879 1263 2939 Indi-am,
1340 2887 1641 2945 propterea
1706 2880 1857 2947 quod
1926 2879 2105 2942 naviS,
2171 2878 2227 2929 in

588 2986 700 3034 qua
757 2974 937 3028 erant,
993 2967 1064 3018 ad
1122 2965 1545 3018 Mozambieum
1601 2964 1909 3034 hyemavit.

664 3055 789 3121 Ego
842 3061 897 3105 et
954 3053 1294 3105 Franciscus
1352 3051 1615 3104 Mansilla
1661 3052 1809 3105 inter
1855 3052 2229 3106 Comorinen-

586 3157 675 3192 ses
719 3139 1061 3191 christianos
1104 3156 1549 3199 commoramur,
1594 3156 1834 3208 quorum
1879 3155 2229 3208 permagnus

2612 1930 2645 2474 ..amoro-*Quo
