2815 3911
748 391 930 428 LIBER
970 391 1055 428 ΙΙΙ.
1078 408 1149 413 —
1171 393 1461 431 EPISTOLA
1500 394 1586 431 111.
1877 392 1978 449 195

430 524 629 581 Gratia
693 530 747 575 et
814 541 974 575 amor
1041 524 1273 576 Domini
1338 525 1515 578 nostri
1571 527 1706 596 Jesu
1763 524 1977 579 Christi

357 613 500 669 adsit
554 609 718 662 nobis
773 627 998 678 semper
1050 610 1255 663 auxilio
1307 619 1361 664 et
1415 612 1630 665 favore!
1702 614 1902 665 Amen.

521 799 647 838 UAS
705 785 950 836 Romam
1005 784 1189 836 scribo
1234 784 1467 848 litteraS,
1517 803 1612 838 eas
1658 787 1729 839 ad
1776 793 1833 839 te
1879 804 1974 856 pa-

370 784 498 955 Ω
545 877 733 924 tentes
787 870 971 934 mitto,
1023 879 1081 923 ut
1128 871 1247 940 ipse
1294 874 1447 941 prius
1493 872 1748 942 perlegas
1794 881 1849 925 et
1896 873 1975 925 in-

360 962 426 1012 de
476 959 680 1010 hausta
737 959 942 1010 notitia
994 977 1179 1010 rerum
1233 977 1358 1028 quae
1411 960 1503 1011 hie
1553 969 1841 1029 geruntur,
1896 962 1975 1012 in-

361 1047 547 1099 citeris
604 1047 676 1097 ad
735 1047 1155 1097 submittendos
1209 1048 1371 1097 nobis
1423 1048 1728 1115 quotannis
1780 1066 1975 1116 quam·

360 1134 628 1201 plurimos
707 1135 922 1201 poteris
1000 1134 1287 1200 operarios
1368 1134 1739 1201 evangelicos.
1826 1137 1975 1187 Nam

359 1220 580 1283 talibus,
656 1220 968 1288 quamlibet
1044 1220 1204 1273 multi
1278 1220 1525 1284 veniant,
1597 1221 1821 1274 abunde
1885 1220 1976 1274 hic

360 1309 461 1362 erit
513 1308 570 1360 in
622 1326 735 1376 quo
788 1308 859 1361 ad
916 1307 1021 1361 Dei
1076 1307 1410 1377 obsequium
1465 1326 1694 1377 operam
1749 1307 1976 1378 insigni-

360 1404 444 1448 ter
499 1402 726 1446 navent.
788 1395 954 1462 Quod
1014 1394 1219 1447 attinet
1276 1395 1347 1446 ad
1404 1402 1563 1446 tuam
1621 1413 1845 1463 quoque
1897 1394 1977 1462 ip-

320 1480 472 1533 ‘sius
523 1480 578 1532 in
633 1479 736 1532 has
789 1498 917 1532 oras
967 1480 1396 1548 profectionem,
1445 1480 1708 1548 equidem
1755 1480 1800 1533 si
1847 1498 1977 1549 con-

363 1568 530 1619 fidere
602 1584 831 1634 possem
904 1567 1051 1619 vires
1124 1567 1181 1618 in
1245 1574 1316 1619 te·
1367 1584 1432 1619 ac
1496 1567 1665 1619 robur
1728 1567 1979 1635 corporis

362 1670 485 1705 cum
539 1653 730 1721 vigore
783 1653 958 1705 animi
1011 1653 1169 1720 paria
1221 1652 1422 1715 facere,
1477 1652 1623 1705 ultro
1674 1660 1731 1705 te
1777 1652 1975 1706 invita-

365 1756 479 1790 rem
541 1757 914 1807 rogaremque
976 1739 1216 1790 multum
1280 1757 1349 1789 ne
1409 1739 1599 1790 venire
1656 1757 1977 1806 gravarere,

365 1825 408 1877 si
471 1832 663 1878 tamen
725 1825 782 1878 id
847 1826 908 1877 P.
974 1825 1231 1894 Ignatius
1292 1825 1574 1894 probaret,
1638 1825 1872 1894 ejusque
1932 1825 1979 1877 is

364 1911 463 1963 tibi
532 1912 750 1964 consilii
821 1921 1019 1964 auctor
1087 1913 1272 1973 fieret3
1348 1919 1510 1980 pater
1574 1912 1724 1962 enim
1789 1920 1981 1963 noster

366 2007 466 2062 est,
532 2000 620 2051 cui
684 2000 913 2051 obedire
974 2018 1079 2051 nos
1140 2008 1383 2067 oportet,
1438 2018 1541 2050 nec
1592 1999 1713 2067 ejus
1765 1999 1980 2067 injussu

364 2087 447 2137 vel
498 2090 701 2154 pedem
757 2107 983 2139 movere
1037 2087 1120 2138 fas
1173 2096 1276 2139 est.

437 2173 522 2225 De
578 2174 796 2244 Jacobo
857 2172 1181 2226 Fernandio
1239 2191 1404 2226 narro
1458 2172 1578 2236 tibi,
1631 2171 1838 2226 vidisse
1892 2190 1980 2225 me

368 2256 517 2312 illum
581 2261 722 2314 Goae
785 2268 917 2314 ante
979 2259 1081 2320 has
1143 2259 1317 2313 ferme
1375 2266 1617 2328 quatuor
1675 2259 1979 2313 hebdoma-

367 2345 464 2399 das
528 2346 746 2401 salvum
808 2354 863 2402 et
924 2347 1067 2401 bene
1127 2346 1429 2399 valentem.
1491 2346 1750 2418 Jucunde
1811 2353 1981 2416 atque

369 2450 432 2485 ex
494 2435 668 2488 animi
735 2435 820 2488 sui
887 2434 1169 2487 sententia
1233 2434 1549 2486 diversatur
1608 2434 1758 2503 apud
1820 2433 1981 2484 colle-

368 2520 516 2588 gium
604 2524 809 2574 Sanctae
889 2523 1065 2585 Fidei,
1144 2522 1200 2572 in
1279 2521 1648 2572 contubernio
1726 2520 1982 2588 Magistri

369 2608 563 2675 Jacobi
641 2618 695 2661 et
774 2610 1008 2661 Domini
1089 2609 1265 2671 Pauli,
1344 2618 1682 2676 strenueque
1758 2608 1831 2658 ibi
1909 2609 1981 2658 ad

372 2693 474 2745 Dei
539 2696 873 2766 obsequium
945 2696 1258 2758 contendit,
1325 2713 1392 2747 eo
1462 2695 1662 2757 fructU,
1729 2702 1789 2747 ut
1853 2710 1980 2745 eum

371 2796 470 2832 nee
525 2783 686 2835 istius
742 2784 1226 2845 commorationiS,
1287 2801 1390 2834 neo
1448 2801 1634 2850 operae
1691 2780 1983 2849 poeniteat.

375 2867 527 2920 Dixit
581 2871 719 2921 mihi
773 2890 832 2922 se
884 2871 1004 2922 fuse
1056 2873 1126 2922 ad
1173 2879 1229 2922 te
1277 2870 1535 2931 seribere,
1584 2868 1673 2920 cui
1720 2867 1981 2935 equidem

374 2971 710 3024 magnopere
764 2977 968 3010 censeo
1022 2957 1322 3018 rescribas3
1378 2956 1605 3023 quando
1657 2961 1880 3007 tantum
1926 2959 1982 3005 te

373 3053 540 3107 amat,
607 3055 662 3099 et
726 3056 825 3099 tua
889 3065 1060 3099 eausa
1122 3046 1258 3098 vult.
1325 3042 1719 3097 Incredibilem
1781 3041 1828 3094 ei
1889 3058 1982 3093 vo-

375 3123 646 3198 luptatem
722 3133 954 3187 afferent
1029 3140 1141 3187 tuae
1215 3130 1434 3195 litterae,
1507 3128 1748 3183 maxime
1818 3127 1862 3181 si
1927 3127 1984 3180 in
