2692 3907
839 352 910 388 20
1262 351 1444 401 LIBER
1485 351 1522 386 Ι.
1544 365 1616 371 --
1638 349 1925 387 EPISTOLA
1967 347 2052 386 ΙΙΙ.

835 482 906 534 ab
972 480 1128 532 omni
1197 479 1384 547 specie
1452 479 1705 533 avaritiae
1770 486 2025 532 remotus
2094 478 2185 531 sit.
2272 480 2473 546 Itaque

835 566 881 620 si
935 565 1105 619 istam
1153 583 1325 634 quam
1378 564 1471 618 hic
1519 564 1852 618 exhibemus
1904 553 2331 628 abstinentiam,
2380 582 2472 617 ne-

835 652 1198 722 glectumque
1266 650 1647 705 humanorum
1718 652 2153 706 commodorum
2221 650 2474 720 lucrique

837 759 903 792 ac
972 745 1242 807 quaestUS,
1313 737 1424 791 illic
1492 757 1718 807 quoque
1786 745 2102 801 teneamUS,
2175 737 2296 791 sine
2364 736 2474 791 ulla

837 826 1195 879 dubitatione
1248 825 1499 877 futurum
1554 828 1731 888 aiunt,
1787 833 1848 878 ut
1900 825 2315 893 paucis'annis
2363 825 2475 876 duo

837 920 935 965 aut
987 912 1096 964 tria
1153 930 1327 980 regna
1385 910 1815 964 idololatrarum
1874 912 1946 963 ad
2001 909 2216 963 Christi
2278 910 2473 962 Domi-

836 999 893 1051 ni
941 998 1120 1051 nostri
1163 998 1336 1050 fidem
1380 1005 1799 1050 convertamus
1862 999 2064 1065 Neque
2109 997 2261 1049 enim
2309 1014 2473 1050 cunc-

836 1084 1043 1136 tandos
1109 1082 1233 1134 illos
1306 1082 1548 1150 populos
1622 1082 1678 1133 in
1756 1083 2042 1134 credendo
2121 1082 2304 1144 nobiS,
2379 1082 2473 1134 ubi

836 1170 1003 1239 plane
1097 1169 1486 1238 perspexerint
1570 1168 1710 1221 nihil
1799 1169 1951 1222 aliud
2036 1185 2140 1222 nos
2224 1185 2474 1238 quaerere

837 1276 1009 1325 quam
1075 1257 1316 1308 salutem
1383 1256 1722 1308 animarum.
1805 1258 1950 1308 Haec
2015 1256 2181 1320 nobis
2245 1275 2278 1307 a
2340 1255 2474 1307 viris

835 1343 1044 1397 talibus
1097 1343 1193 1413 qui
1246 1343 1303 1395 in
1355 1362 1415 1396 re
1461 1343 1729 1413 praesenti
1783 1343 1991 1396 versati
2044 1342 2175 1407 sint,
2231 1350 2286 1396 et
2334 1342 2472 1395 mul-

835 1431 927 1494 tis,
983 1438 1043 1483 ut
1097 1430 1229 1494 dixi,
1285 1430 1449 1483 annis
1503 1431 1560 1482 in
1617 1430 1796 1483 Indiis
1858 1430 2083 1494 fuerint,
2132 1437 2472 1493 asseverata,

836 1517 1124 1586 ingentem
1191 1516 1459 1569 fiduciam
1525 1517 1859 1585 ingenerant
1925 1516 2140 1569 fructus
2206 1515 2474 1568 uberrimi

836 1607 908 1657 ad
983 1604 1090 1656 Dei
1162 1604 1397 1655 Domini
1464 1604 1643 1656 nostri
1711 1603 2049 1673 obsequium
2122 1603 2255 1655 inde
2323 1601 2472 1655 colli-

835 1692 1025 1761 gendi.

912 1781 1154 1831 Multam
1221 1779 1312 1830 hic
1374 1779 1727 1848 diligentiam
1793 1778 2062 1847 ponimus
2119 1778 2177 1828 in
2242 1777 2473 1847 conqui-

836 1867 1026 1921 rendis
1110 1866 1522 1928 sacerdotibUS,
1609 1865 1705 1932 qui
1790 1864 1910 1917 solo
1989 1864 2286 1932 proposito
2369 1863 2474 1916 sibi

836 1951 1073 2021 praemio
1144 1950 1318 2002 divini
1397 1949 1655 2018 obsequii
1734 1957 1789 2001 et
1860 1948 2059 2001 salutis
2136 1948 2474 2011 animarum,

836 2040 915 2093 ire
968 2040 1025 2092 in
1090 2038 1285 2091 Indias
1345 2038 1644 2090 nobiscum
1707 2037 1910 2090 velint:
1966 2054 2072 2089 nec
2133 2036 2191 2089 in
2244 2036 2356 2089 ulla
2418 2053 2475 2088 re

837 2128 947 2180 alia
1000 2127 1181 2195 magis
1227 2126 1336 2178 hoc
1381 2135 1642 2193 tempore
1690 2124 1855 2176 nobis
1900 2124 2161 2176 videmur
2206 2124 2475 2176 inservire

837 2233 902 2268 ac
967 2214 1272 2283 gratificari
1344 2213 1596 2265 Domino
1664 2220 1861 2265 nostro
1923 2229 2109 2281 posse,
2180 2230 2351 2281 quarn
2419 2213 2475 2264 in

837 2301 1007 2355 sociis
1084 2300 1366 2369 ejusmodi
1456 2299 1621 2353 nobis
1710 2299 2107 2368 adjungendis
2202 2300 2351 2353 Nam
2431 2300 2476 2353 si

838 2390 1191 2458 manipulum
1238 2388 1325 2440 vel
1379 2388 1682 2439 duodecim
1731 2387 1915 2439 solum
1969 2387 2169 2439 talium
2217 2390 2474 2440 sacerdo-

833 2483 957 2530 tum
1011 2491 1354 2542 congregare
1408 2490 1728 2541 possemUS,
1784 2473 1880 2541 qui
1933 2473 1990 2526 in
2044 2473 2263 2527 consili—i
2312 2473 2474 2528 istius

838 2583 904 2615 ac
971 2562 1250 2631 propositi
1322 2549 1657 2613 societatem
1732 2560 2080 2612 unanimiter
2150 2561 2475 2630 conspirare

839 2650 1137 2703 nobiscum
1215 2648 1442 2711 vellent,
1522 2647 1663 2701 citra
1747 2665 1978 2701 omnem
2057 2648 2473 2702 dubitationem

838 2745 943 2800 est,
1004 2755 1108 2788 nos
1167 2754 1437 2803 magnum
1479 2754 1667 2803 operae
1707 2734 1954 2803 pretium
1997 2733 2274 2796 facturos;
2330 2734 2473 2803 jam-

839 2842 948 2894 que
1001 2825 1173 2894 aliqui
1227 2825 1348 2893 ejus
1400 2824 1623 2893 generis
1676 2823 1768 2874 hic
1821 2840 1881 2874 se
1934 2823 2099 2875 nobis
2151 2824 2413 2887 offerunt.

916 2910 1231 2964 Incidimus
1287 2909 1344 2962 in
1398 2910 1755 2963 sacerdotem
1815 2908 1979 2963 nobis
2031 2908 2171 2962 alias
2230 2907 2475 2963 Lutetiae

844 3000 1189 3053 Parisiorum
1263 3007 1482 3062 notum,
1553 2997 1648 3068 qui
1717 2997 1979 3067 promisit
2045 3006 2347 3050 venturum
2416 3015 2475 3049 se

843 3088 1161 3151 nobiscum,
1233 3095 1287 3142 et
1359 3105 1537 3156 usque
1615 3087 1686 3140 ad
1767 3094 2009 3141 mortem
2083 3086 2138 3140 in
2209 3086 2342 3140 vitae
2410 3102 2518 3139 ac*
