2692 3907
815 376 846 426 6
1268 389 1449 425 LIBER
1492 388 1938 425 1.—-EPISTOLA
1980 388 2015 424 1.

745 549 750 552 -
814 529 1077 573 votorum
1141 539 1207 572 ac
1269 520 1590 573 debitorum
1652 528 1874 587 partem
1936 537 2099 571 amor
2159 519 2260 572 tibi
2323 527 2455 571 tuus

812 609 870 658 in
919 628 1009 659 me
1063 608 1361 670 fraternus,
1417 616 1477 659 ut
1525 606 1772 676 imputes
1824 607 2044 668 suadet,
2100 606 2173 658 da
2219 625 2451 673 operam

815 697 971 748 omni
1044 696 1345 748 sedulitate
1414 697 1747 758 officiorum,
1822 713 1891 746 ne
1959 696 2270 764 quidquam
2346 696 2457 744 ulla

814 782 872 836 in
930 790 1090 851 parte
1154 782 1343 835 minus
1406 801 1577 851 quam
1644 782 1783 835 mihi
1841 782 2109 852 praesenti
2173 782 2455 852 poscenti-

816 889 925 939 que
996 869 1290 922 exhiberes
1379 869 1503 938 opis
1587 869 1975 938 obsequiique,
2048 869 2133 922 vir
2206 869 2294 922 cui
2367 888 2458 922 me

813 957 931 1009 fero
984 976 1050 1009 ac
1103 956 1284 1009 fateor
1340 965 1572 1025 propter
1624 956 1923 1009 benefacta
1985 957 2458 1025 incomparabilia

819 1043 1331 1106 devinctissimum,
1386 1063 1419 1095 a
1471 1052 1528 1096 te
1581 1043 1836 1112 recipiat.

897 1131 1064 1199 Quod
1145 1138 1450 1199 postquam
1526 1132 1647 1199 ejus
1712 1148 1883 1183 causa
1946 1139 2003 1183 te
2067 1131 2278 1199 rogavi,
2353 1130 2462 1182 hoc

820 1223 919 1270 tua
997 1217 1174 1285 ipsius
1245 1217 1541 1285 adjiciam:
1623 1225 1781 1271 utere
1852 1217 2281 1286 opportunitate
2356 1217 2459 1269 tibi

819 1303 1010 1355 oblata
1057 1302 1278 1355 fruendi
1332 1303 1615 1371 colloquio
1662 1323 1729 1355 ac
1781 1303 2165 1370 familiaritate
2211 1303 2461 1356 hominis

817 1389 1223 1456 sapientissimi
1291 1398 1346 1442 et
1413 1390 1578 1442 donis
1644 1408 1676 1442 a
1745 1391 1869 1442 Deo
1933 1389 2310 1458 singularibus
2375 1407 2459 1442 or-

820 1477 957 1528 nati.
1027 1478 1348 1538 Summum,
1397 1485 1630 1544 experto
1678 1475 1814 1527 mihi
1864 1476 2049 1538 crede,
2097 1495 2164 1528 ex
2210 1475 2461 1529 cordatis

822 1563 945 1629 ejus
999 1563 1233 1613 monitis
1286 1580 1352 1613 ac
1405 1563 1866 1630 prudentissimis
1919 1562 2170 1613 consiliis
2215 1563 2460 1614 fructum

823 1647 999 1700 animi
1059 1649 1626 1715 consolationemque
1687 1648 1983 1715 percipies,
2055 1649 2224 1716 Aperi
2286 1649 2459 1700 fiden—

820 1742 908 1785 ter
960 1733 1005 1785 si
1060 1733 1195 1801 quid
1248 1742 1304 1786 te
1360 1733 1515 1801 angit
1570 1733 1950 1802 aegritudinis;
2007 1733 2050 1786 si
2111 1733 2247 1802 quid
2301 1734 2459 1786 dubi-

823 1828 930 1882 tas,
1000 1838 1281 1887 propone;
1353 1821 1485 1870 audi
1555 1821 1910 1881 suadentem,
1978 1820 2296 1870 consulenti
2365 1821 2460 1870 ob-

819 1912 1103 1972 tempera:
1153 1906 1494 1973 probaturus
1541 1906 1889 1973 experientia
1936 1922 2107 1973 quam
2156 1922 2270 1955 non
2316 1922 2462 1955 vana

821 1989 1106 2056 pollicear,
1165 1990 1300 2041 dum
1361 1998 1416 2041 te
1477 1990 1835 2042 incredibiles
1894 1990 2171 2042 utilitates
2229 2007 2296 2042 ex
2359 1991 2461 2043 viri

822 2078 1017 2144 utique
1089 2079 1212 2124 Deo
1284 2076 1434 2143 pleni
1504 2096 1606 2125 usu
1677 2076 2055 2142 convictuque
2125 2074 2460 2126 hausturum

821 2180 1082 2230 auguror.

897 2251 983 2301 De
1063 2268 1152 2301 me
1226 2249 1377 2301 idem
1458 2267 1828 2317 mearumque
1900 2249 1992 2302 hic
2064 2257 2216 2302 statu
2271 2267 2458 2302 rerum

821 2355 991 2405 quam
1073 2336 1471 2405 plenissimam
1550 2345 1714 2405 potes
1787 2355 2009 2406 cupere,
2077 2345 2464 2405 quantamque

823 2443 949 2475 mea
991 2425 1228 2475 interest
1271 2425 1455 2475 offerri
1496 2425 1616 2486 tibi,
1660 2425 1924 2476 notitiam
1980 2425 2459 2484 communicabit;

820 2512 971 2577 quod
1038 2511 1224 2577 agenti
1294 2511 1471 2560 velim
1529 2511 1654 2577 ipsi,
1722 2512 1893 2560 fidem
1958 2511 2216 2560 eamdem
2287 2529 2456 2577 quam

821 2597 958 2650 mihi
1013 2615 1208 2649 coram
1265 2597 1531 2665 praesenti
1586 2597 1881 2660 tribuereS,
1938 2597 2177 2650 habeas:
2246 2596 2456 2649 nemini

820 2685 1207 2753 perspectiora
1293 2702 1420 2736 mea
1499 2684 1700 2737 intima
1780 2692 1939 2747 sunt3
2021 2684 2077 2736 in
2159 2693 2457 2738 numerato

818 2779 973 2823 tenet
1041 2790 1242 2822 omnes
1296 2770 1565 2823 articulos
1633 2770 1982 2838 privatarum
2046 2788 2301 2824 mearum
2346 2768 2454 2825 ¹ra-

817 2858 1059 2909 tionum.
1128 2861 1256 2927 Quo
1325 2877 1541 2926 egeam,
1612 2857 1817 2926 quibus
1888 2857 2025 2908 mihi
2095 2876 2238 2925 opus
2307 2877 2338 2909 a
2399 2865 2454 2909 te

818 2946 1058 3013 provisis
1113 2945 1203 3007 sit,
1261 2962 1351 2997 me
1404 2962 1548 3012 pene
1603 2945 1727 3012 ipso
1782 2945 1945 2998 callet
1991 2945 2222 3011 melius,

895 3036 1045 3096 Mox,
1127 3053 1255 3085 cum
1320 3033 1442 3102 ejus
1520 3032 1731 3084 indicio
1808 3040 2118 3101 compertae
2204 3031 2454 3101 penuriae

819 3139 959 3176 meae
1028 3121 1343 3182 subvenire,
1412 3122 1562 3195 quod
1631 3120 1880 3178 futurum
1942 3129 2097 3178 certo
2164 3121 2299 3184 sciO,
2360 3122 2451 3175 de-
