2692 3907
1189 519 1673 581 EPISTULA
1783 521 1850 581 V.

833 718 918 779 R.
969 719 1048 780 P.
1100 719 1389 798 Ignatio
1439 719 1763 799 Loyolae,
1812 719 2203 799 praeposito

1157 845 1502 923 generali,
1555 846 1891 906 Romam.

773 1005 856 1057 De
918 1005 1034 1058 ΡΡ.
1102 1004 1411 1068 Criminali‚
1487 1005 1771 1074 Cypriam,
1829 1005 2170 1057 Lancelloto:
2244 1007 2327 1058 M.

702 1090 916 1144 Simone
968 1091 1027 1143 in
1076 1091 1295 1144 Indiam
1346 1091 1623 1144 mittendo:
1675 1092 1734 1144 de
1785 1087 2059 1161 Japonum
2123 1092 2328 1157 litteris,

701 1196 760 1232 ac
812 1180 872 1232 de
922 1197 1015 1233 sua
1067 1180 1302 1232 illorsum
1346 1180 1675 1249 profectione.

776 1359 976 1413 Gratia
1019 1367 1074 1414 et
1117 1359 1365 1413 charitas
1410 1360 1623 1414 Christi
1669 1361 1902 1413 Domini
1945 1361 2123 1414 nostri
2178 1362 2328 1415 adsit

702 1447 867 1498 nobis
919 1448 1166 1515 semper!
1222 1449 1425 1501 Amen.

777 1604 857 1656 Mi
908 1612 1070 1673 pater
1122 1605 1178 1656 in
1232 1604 1446 1657 Christi
1497 1605 1805 1657 visceribus
1858 1604 2046 1657 unice!

705 1744 837 1885 T
868 1766 904 1801 R
927 1766 945 1801 1
969 1766 1005 1801 N
1028 1765 1063 1801 A
1086 1766 1114 1801 s
1154 1751 1225 1801 ad
1265 1758 1321 1801 te
1362 1750 1491 1802 dedi
1520 1750 1736 1802 litteras
1764 1751 1964 1802 eodem
1995 1750 2108 1803 fere
2141 1768 2323 1803 exem-

877 1836 988 1905 plo,
1018 1836 1300 1888 fusissime
1329 1844 1520 1888 autem
1549 1837 1790 1904 scriptas
1821 1837 1898 1887 M.
1923 1835 2145 1888 Simoni
2173 1854 2323 1889 com-

696 1922 981 1977 mendavi.

769 2008 1053 2062 Antonius
1097 2008 1424 2062 Criminalis
1470 2009 1528 2060 in
1576 2010 1887 2061 Comorino
1932 2011 2325 2077 promontorio

696 2113 826 2148 cum
886 2113 982 2147 sex
1042 2096 1166 2146 aliis
1230 2113 1259 2146 e
1327 2095 1612 2146 Societate
1675 2103 1947 2147 versatur.
2017 2098 2325 2149 Enimvero

698 2184 762 2245 is,
811 2182 948 2233 mihi
996 2183 1179 2243 crede,
1227 2183 1310 2233 vir
1352 2190 1584 2233 sanetus
1626 2190 1730 2244 est,
1776 2190 1832 2234 et
1878 2182 1950 2234 ad
1996 2181 2099 2234 has
2144 2190 2325 2236 terras

699 2268 1036 2322 'excolendas
1076 2276 1243 2321 natus
1258 2286 1270 2330 3
1314 2268 1435 2336 ejus
1475 2268 1703 2332 similes,
1746 2286 1986 2337 quorum
2014 2268 2142 2321 istic
2171 2288 2324 2338 mag-

697 2374 771 2408 na
834 2363 919 2408 est
983 2354 1165 2422 copia,
1231 2354 1505 2423 plurimos
1569 2354 1678 2408 huc
1743 2355 1940 2409 mittas
2002 2355 2189 2415 velim.
2253 2356 2324 2408 Ei

697 2442 1137 2495 Comorinenses
1184 2440 1321 2493 socii
1374 2448 1592 2508 parent.
1650 2441 1809 2493 Idem
1864 2441 2189 2495 christianis
2242 2442 2322 2495 in-

698 2531 933 2599 digem&
975 2529 1219 2581 ethnicis
1259 2547 1324 2580 ac
1368 2528 1665 2580 Saracenis
1705 2537 1790 2580 est
1833 2528 2068 2581 mirifice
2096 2526 2320 2581 oharuS.

693 2619 740 2670 A
808 2615 992 2679 sociis,
1060 2615 1264 2684 quibus
1327 2623 1551 2684 praeest,
1619 2624 1971 2684 quantopere
2036 2615 2320 2684 diligatur,

691 2702 802 2756 dici
854 2702 945 2755 vix
996 2709 1206 2771 potest.

763 2793 824 2844 P.
880 2790 1199 2860 Cyprianus
1251 2790 1452 2841 affecta
1492 2790 1612 2857 jam
1659 2797 1828 2842 aetate
1875 2789 1930 2840 in
1979 2790 2318 2842 Soeotoram

691 2878 934 2933 insulam
999 2877 1393 2947 proficiscitur.
1472 2877 1840 2930 Diseessurus
1916 2883 2002 2930 est
2079 2870 2352 2945 exeunte*

692 2967 991 3038 Januario;
1048 2967 1215 3017 ducet
1269 2983 1461 3017 secum
1513 2972 1629 3017 tres
1681 2983 1710 3016 e
1777 2963 2082 3027 Societate,
2137 2982 2318 3017 sacer-

692 3055 886 3108 dotem
933 3071 1127 3116 unum,
1172 3052 1415 3121 reliquos
1458 3051 1763 3120 adjutores
1811 3051 2087 3103 Socotora
2133 3049 2318 3103 insula

692 3148 779 3195 est
819 3140 877 3192 in
918 3138 1154 3193 circuitu
1196 3137 1369 3190 millia
1407 3154 1676 3205 passuum
1707 3137 1880 3191 ferme
1909 3144 2166 3190 centum:
2196 3144 2319 3190 tota
