2645 3907
667 449 768 482 102
1085 447 1267 482 LIBER
1310 448 1372 482 11.
1395 462 1467 466 —
1489 447 1786 484 EPISTOLA
1824 447 1877 483 V.

664 576 842 627 Vobis
903 575 1159 643 profecto
1213 576 1697 643 deprecatoribUS,
1764 575 1873 627 hoc
1927 575 1984 626 in
2038 593 2128 627 me
2179 583 2295 629 tan-

663 670 786 713 tum
859 663 1016 713 Deus
1091 661 1330 713 contulit
1403 662 1686 723 beneficii,
1759 670 1817 713 ut
1883 661 2145 729 quamvis
2210 664 2297 715 ab·

662 766 794 801 sens
847 766 1099 817 corpore,
1156 747 1467 815 intelligam
1518 757 1710 801 vestro
1758 749 1948 801 studio
1994 768 2061 801 ac
2107 750 2296 817 depre-

662 836 887 889 catione
941 835 1224 888 infinitam
1282 835 1619 887 delictorum
1679 854 1935 888 meorum
1990 835 2295 889 multitudi-

664 943 794 976 nem
851 922 989 974 mihi
1045 923 1319 975 divinitus
1374 924 1618 985 ostendi,
1682 932 1853 991 atque
1900 926 1971 975 ad
2018 924 2122 975 has
2183 926 2294 976 eth-

665 1011 922 1063 nicorum
992 1010 1249 1078 regiones
1318 1019 1545 1062 strenue
1616 1011 1883 1063 colendas
1951 1011 2175 1063 animos
2237 1031 2298 1066 ac

664 1098 811 1150 vires
876 1098 1026 1150 addi.
1096 1098 1484 1166 Quamobrem
1556 1097 1814 1165 ingentes
1879 1098 2084 1151 divinae
2150 1099 2297 1151 beni-

665 1184 869 1252 gnitati
924 1182 1304 1250 charitatique
1357 1190 1560 1236 vestrae
1617 1182 1829 1250 gratias
1888 1201 2012 1250 ago.

746 1271 834 1321 Ex
880 1269 1072 1321 multis
1120 1276 1312 1321 autem
1367 1287 1432 1320 ac
1487 1268 1709 1335 magnis
1762 1268 1930 1336 hujus
1982 1270 2114 1321 vitae
2161 1269 2298 1321 fruc-

669 1355 839 1417 tibus,
895 1375 1038 1422 quos
1091 1355 1278 1406 adhuc
1334 1355 1441 1406 Dei
1503 1356 1780 1406 beneficio
1844 1357 1985 1424 cepi,
2050 1365 2106 1407 et
2169 1375 2299 1424 quo-

669 1440 809 1492 tidie
888 1441 1070 1508 capio,
1147 1441 1302 1491 illum
1378 1442 1669 1492 enimvero
1750 1442 1895 1492 duco
1963 1441 2298 1503 maximum3

671 1529 823 1596 quod
902 1536 1111 1580 nostrae
1192 1528 1497 1581 Societatis
1578 1528 1915 1580 Institutum
2010 1527 2299 1580 Pontificis

676 1617 911 1669 Maximi
982 1618 1322 1670 auctoritate
1384 1619 1819 1685 comprobatum
1883 1618 2300 1669 confirmatum-

673 1722 781 1770 que
856 1722 978 1754 esse
1044 1704 1301 1771 cognovi.
1371 1704 1732 1755 Immortales
1800 1705 1924 1755 Deo
1983 1703 2195 1771 gratias
2251 1712 2301 1755 et

673 1807 779 1856 ago
842 1797 897 1840 et
950 1789 1151 1851 habeO,
1217 1789 1330 1857 qui,
1395 1807 1565 1856 quam
1628 1789 1760 1841 vitae
1814 1789 2093 1841 rationem
2147 1806 2302 1840 servo

674 1891 776 1925 suo
842 1874 1068 1926 Parenti
1123 1882 1320 1926 nostro
1375 1874 1599 1941 Ignatio
1652 1874 1796 1927 clam
1849 1874 1969 1941 ipse
2015 1874 2301 1942 praescrip-

673 1970 841 2025 serat,
890 1982 1015 2015 eam
1063 1963 1369 2031 aliquando
1422 1982 1521 2030 per
1568 1983 1732 2015 suum
1781 1964 2071 2016 Vicarium
2119 1963 2300 2031 palam

673 2048 909 2101 stabiliri
980 2049 1173 2110 voluit,
1237 2050 1308 2101 ad
1373 2050 1707 2102 memoriam
1761 2051 2113 2117 posteritatis
2165 2069 2301 2101 sem-

672 2135 973 2202 piternam.

746 2225 931 2292 Atque
993 2223 1084 2276 hic
1138 2243 1242 2293 ego
1294 2226 1465 2277 finem
1519 2226 1800 2278 scribendi
1847 2225 2071 2289 faciam,
2122 2226 2302 2278 Deum

671 2312 992 2375 obsecranS‚
1048 2319 1109 2365 ut
1163 2312 1432 2381 quoniam
1488 2331 1591 2366 nos
1664 2317 1820 2383 (quae
1874 2313 1995 2383 ejus
2047 2311 2295 2382 benigni-

671 2408 759 2451 tas
827 2403 959 2462 est)
1034 2417 1256 2452 morum
1326 2401 1599 2453 societate
1647 2401 1853 2468 junxit,
1908 2401 2177 2469 idemque
2229 2399 2301 2452 rei

671 2485 995 2539 christianae
1055 2505 1225 2539 causa
1282 2495 1445 2540 tanto
1499 2488 1752 2540 locorum
1806 2488 2078 2557 disjunxit
2135 2489 2302 2541 inter-

671 2573 842 2634 vallo;
899 2593 1090 2626 rursus
1144 2594 1247 2627 nos
1300 2584 1603 2644 congreget
1657 2577 1713 2627 in
1768 2577 1899 2628 sede
1953 2594 2019 2629 ac
2066 2576 2299 2629 domici-

670 2661 744 2714 lio
805 2663 1123 2717 beatorum.
1194 2663 1279 2717 Ad
1343 2663 1400 2716 id
1462 2663 1906 2732 impetrandum,
1978 2664 2300 2732 deprecato-

671 2768 776 2812 res,
832 2750 980 2802 inter
1031 2750 1171 2803 alios
1229 2751 1304 2813 (si
1358 2751 1596 2819 placet),
1652 2750 2029 2803 adhibeamus
2086 2752 2304 2803 animos

669 2836 971 2888 infantium
1027 2857 1092 2888 ac
1145 2856 1469 2907 puerorum,
1527 2855 1670 2907 quos
1727 2855 1854 2890 mea
1907 2855 2080 2890 manu
2126 2836 2302 2907 bapti-

666 2932 843 2987 zatOS,
893 2925 1048 2993 prius
1095 2943 1266 2994 quam
1315 2925 1658 2978 innocentiae
1703 2925 2038 2978 amitterent
2083 2924 2302 2985 stolam,

671 3011 826 3064 Deus
880 3030 946 3065 ex
993 3011 1147 3065 hisce
1194 3011 1332 3066 locis
1380 3012 1451 3065 ad
1502 3012 1735 3066 coeleste
1783 3012 2136 3066 domicilium
2184 3030 2305 3065 evo-

665 3098 833 3151 cavit.
913 3101 1038 3152 Hos
1103 3119 1207 3168 ego
1272 3100 1515 3169 amplius
1585 3101 1738 3152 mille
1810 3100 1983 3153 fuisse
2048 3102 2303 3161 arbitror,

662 3206 806 3255 quos
876 3189 1049 3240 etiam
1121 3197 1292 3258 atque
1358 3190 1531 3241 etiam
1603 3207 1763 3256 rogo,
1836 3208 2161 3262 quaesoque,
2229 3186 2306 3241 uti
