2645 3907
658 360 762 415 126
1044 372 1228 413 LIBER
1267 371 1329 413 11.
1352 373 1738 415 —EPISTOLA
1775 373 1890 415 xlv.

657 513 992 560 consuetum
1039 513 1264 568 votum,
1321 513 1380 559 ut
1429 507 1586 559 Deus
1633 505 1917 559 Dominus
1962 513 2156 559 noster
2201 508 2276 560 di-

655 601 859 662 gnetur
916 592 1116 644 adesse
1173 591 1338 644 nobis
1395 610 1497 644 sua
1548 593 1747 662 gratia,
1802 593 1963 661 cujus
2015 611 2122 660 ope
2174 592 2278 661 ipsi

656 678 898 734 fideliter
949 678 1278 732 serviamuS.
1334 679 1492 732 Vale.
1858 671 1862 675 ’

733 840 901 902 Nare,
962 838 1085 892 Kal.
1144 839 1299 903 Maii,
1354 840 1520 893 Anno
1576 840 1914 894 MDXLIV.

804 999 963 1052 Tuus
1015 987 1446 1052 amantissimus
1498 999 1555 1052 in
1611 999 1843 1054 Christo
1896 999 2084 1063 frater,

1813 1163 2211 1216 FRANCISCUS.

1101 1635 1584 1698 EPISTULA
1654 1637 1850 1699 XIV.

1335 1863 1617 1925 Eidem.

2587 1989 2645 2025 su

739 2094 1040 2146 Consolatio
1090 2100 1299 2163 propter
1354 2096 1530 2145 Deum
1587 2096 1915 2147 dimittenda.
1979 2098 2123 2166 Quid
2177 2115 2286 2148 cum
2589 2073 2645 2124 pr

666 2182 975 2252 importunis
1042 2183 1341 2250 agendum?
1414 2183 1558 2251 Quid
1615 2184 1674 2232 in
1732 2184 1949 2235 summis
2009 2183 2287 2254 occupatio·
2594 2161 2645 2236 m.

649 2263 857 2321 nibus?
916 2270 999 2320 De
1058 2268 1234 2337 templi
1290 2268 1660 2336 aedzficatione;
1718 2270 1777 2322 de
1821 2269 2129 2339 perferenda
2178 2273 2287 2338 cap·
2597 2247 2645 2278 m

665 2355 799 2417 sula,
864 2361 1136 2423 mutuoque
1195 2372 1244 2407 se
1305 2355 1517 2407 videndi
1576 2356 1829 2409 desiderio
1839 2376 1859 2417 ;
1922 2361 2175 2425 postremo
2234 2355 2289 2407 de
2599 2336 2645 2368 V(

667 2441 921 2494 constanti
972 2441 1209 2493 laborum
1253 2441 1531 2509 patientia.
2604 2420 2645 2540 ἴ

745 2601 1095 2655 Charissime
1148 2601 1203 2652 in
1261 2600 1492 2654 Christo
1545 2601 1733 2665 frater,
2609 2576 2645 2627 b'

2612 2679 2644 2711 n

679 2759 943 2901 ΞΟΠ,
999 2780 1168 2829 quem
1222 2761 1360 2811 nihil
1412 2761 1569 2824 latet,
1627 2763 1802 2823 Deu5,
1858 2770 2073 2830 quanto
2125 2761 2292 2812 liben-
2615 2765 2645 2796 S?

827 2851 940 2903 tius
1013 2849 1228 2917 aliquot
1303 2856 1493 2902 tecum
1569 2849 1689 2902 dies
1760 2849 2060 2917 exigerem,
2128 2862 2293 2917 quam
2618 2848 2645 2883 0

672 2937 792 3005 pari
856 2936 1042 3004 spatio
1103 2935 1440 2988 Tutucurini
1495 2936 1796 2988 detinerer.
1858 2937 1970 2988 Sed
2029 2934 2291 3004 quoniam
2623 2935 2645 2969 C

673 3023 765 3077 hic
819 3022 957 3076 mihi
1011 3023 1330 3076 necessaria
1371 3022 1481 3075 ista
1524 3041 1683 3075 mora
1734 3031 1840 3087 est,
1889 3018 2296 3092 componendis
2626 3022 2645 3055 C

2634 3111 2645 3141 (

673 3112 1012 3182 quibusdam
1077 3111 1494 3175 controversiiS‚
1549 3130 1675 3181 quae
1728 3120 1956 3180 gentem
2010 3110 2157 3164 hanc
2209 3125 2295 3178 pe-
