2692 3907
715 363 818 415 282
1144 376 1329 414 LIBER
1371 376 1446 414 1v.
1471 376 1862 414 —EPISTOLA
1901 376 1954 414 v.

713 510 836 556 tum
892 503 964 555 ob
1021 502 1332 554 Lusitanos
1387 502 1482 570 qui
1531 502 1588 554 in
1636 502 1744 554 illis
1790 501 2072 569 praesidiis
2127 502 2359 570 degunt,

714 597 838 640 tum
881 590 953 640 ob
995 609 1174 640 novos
1215 589 1560 640 christianos
1602 591 1697 658 qui
1739 591 2013 658 subjectis
2042 590 2099 640 in
2129 590 2363 641 urbibus

715 682 813 726 aut
842 676 1004 743 pagis
1045 676 1261 726 vivunt.
1315 677 1602 743 Expertus
1646 676 1865 744 loquor,
1914 692 2059 743 quae,
2107 675 2361 743 inquam,

714 761 849 825 vidi,
881 779 1123 830 quaeque
1152 779 1404 829 praesens
1433 761 1603 825 sensi,
1635 762 1707 814 ad
1736 761 1844 814 hoc
1876 762 2239 814 scribendum
2272 780 2363 815 me

715 848 1035 915 impellunt.

791 936 920 1004 Quo
966 943 1226 1003 tempore
1274 935 1565 998 Malaccae,
1613 953 1840 1003 quoque
1881 935 1938 985 in
1983 935 2225 987 Molucis
2267 934 2362 998 fui,

714 1021 802 1072 bis
849 1021 1104 1088 quolibet
1152 1021 1242 1072 die
1293 1021 1620 1083 Dominico,
1672 1029 1769 1072 aut
1817 1021 2028 1088 alioqui
2079 1021 2242 1082 festo,
2292 1022 2365 1072 ad

715 1107 1054 1158 concionem
1099 1106 1381 1157 dicebam.
1441 1107 1507 1156 Id
1551 1107 1631 1157 ita
1674 1106 1859 1157 facere
1904 1107 2165 1173 cogebar,
2212 1107 2365 1173 quod

715 1210 879 1260 egere
917 1192 1225 1259 plurimum
1265 1200 1319 1244 et
1352 1192 1561 1244 milites
1590 1200 1645 1244 et
1675 1193 1949 1259 populum
1981 1192 2076 1259 qui
2107 1192 2183 1243 ibi
2213 1199 2364 1255 sunt,

717 1277 1097 1344 multiplicato
1126 1277 1302 1329 divini
1324 1277 1481 1329 verbi
1503 1277 1712 1343 pabulo
1741 1277 2027 1328 Videbam.
2056 1276 2366 1328 Lusitanos

717 1360 890 1427 igitur
943 1360 1013 1412 de
1067 1379 1230 1411 sacro
1283 1360 1505 1426 pulpito
1559 1362 1834 1412 docebam
1891 1362 1963 1412 ad
2019 1361 2366 1412 matutinum

717 1464 971 1507 sacrum;
1004 1464 1037 1495 a
1064 1446 1307 1513 prandio
1336 1446 1482 1497 filios
1511 1454 1566 1498 et
1596 1447 1758 1508 filias,
1790 1455 2179 1515 praetereaque
2209 1464 2367 1497 man-

718 1532 868 1599 cipia
895 1532 1169 1597 ipsorum,
1216 1540 1271 1583 et
1314 1532 1522 1583 liberos
1567 1551 1634 1583 ex
1677 1529 1960 1598 indigenis
2004 1532 2366 1594 christianOS‚

717 1618 1160 1668 accommodato
1189 1618 1261 1667 ad
1291 1625 1524 1683 captum
1555 1618 1830 1684 cujusque
1860 1636 2121 1667 sermone
2151 1618 2367 1667 erudie-

718 1703 872 1767 bam,
914 1703 1104 1772 capita
1133 1703 1460 1757 christianae
1491 1704 1768 1757 doctrinae
1799 1704 2128 1771 singillatim
2159 1704 2368 1757 edisse-

719 1809 868 1842 rens.
928 1791 1103 1843 Certo
1146 1810 1280 1842 vero
1325 1789 1470 1842 infra
1517 1790 1942 1843 hebdomadam
1991 1790 2099 1852 die,
2131 1792 2201 1842 ad
2238 1810 2368 1842 con-

719 1883 983 1942 gregatas
1011 1875 1068 1926 in
1096 1874 1314 1942 templo
1344 1894 1547 1927 uxores
1588 1876 2017 1936 Lusitanorum,
2062 1884 2182 1927 tam
2228 1876 2370 1926 indi-

719 1981 913 2030 genaS,
945 1981 1118 2030 quarn
1149 1981 1216 2013 ex
1245 1970 1487 2029 utroque
1515 1981 1721 2030 genere
1760 1962 1985 2024 mixtaS,
2032 1962 2367 2013 concionem

721 2048 1136 2101 catecheticam
1183 2048 1467 2100 habebam
1513 2049 1583 2099 de
1627 2048 1759 2099 fidei
1799 2048 2053 2100 articulis
2091 2055 2146 2099 et
2187 2065 2370 2099 sacra-

726 2134 935 2187 mentis
963 2134 1341 2187 confessionis
1370 2140 1425 2186 et
1455 2133 1897 2186 communionis.
1959 2132 2163 2185 Paucis
2207 2132 2372 2184 annis

723 2219 923 2288 ingens
953 2238 1141 2288 operae
1170 2219 1419 2288 pretium
1449 2220 1521 2271 ad
1567 2219 1675 2270 Dei
1720 2219 2058 2287 obsequium
2104 2226 2370 2282 exstaret,

723 2307 770 2358 si
814 2306 908 2359 hic
955 2307 1200 2359 docendi
1248 2314 1415 2359 tenor
1461 2313 1794 2358 constanter
1837 2306 1894 2357 in
1922 2305 2062 2357 locis
2107 2305 2373 2358 omnibus

721 2392 956 2460 vigeret.
1002 2394 1163 2443 Intra
1211 2393 1364 2460 ipsas
1411 2411 1581 2460 porro
1628 2411 1806 2454 arces,
1851 2393 2151 2442 tradebam
2189 2392 2372 2461 perid

722 2487 952 2547 tempus
996 2479 1252 2547 quotidie
1292 2479 1615 2530 doctrinam
1646 2478 2017 2530 christianam
2048 2485 2179 2545 post
2209 2477 2372 2529 meri-

723 2565 874 2616 diem
917 2564 1109 2615 liberis
1156 2564 1567 2616 Lusitanorum
1613 2565 1909 2631 utriusque
1955 2582 2149 2625 sexus;
2197 2563 2374 2615 servis

722 2650 862 2703 item
892 2657 947 2702 et
977 2649 1196 2702 ancillis
1226 2650 1581 2712 eorumdem,
1606 2668 1673 2702 ac
1703 2649 2031 2702 christianis
2060 2648 2371 2716 indigenis:

724 2755 791 2787 ex
819 2755 932 2803 qua
969 2736 1332 2788 institutione
1371 2754 1625 2803 praesens
1654 2735 1871 2787 fructus
1909 2736 2188 2796 exstabat,
2221 2734 2374 2802 quod

722 2822 1094 2874 idololatricae
1150 2822 1587 2889 superstitiones
1632 2830 1686 2874 et
1743 2821 1980 2888 magicae
2049 2820 2373 2888 praestigiae,

723 2926 851 2976 quae
891 2909 1039 2959 inter
1076 2909 1245 2958 rudes
1285 2908 1625 2977 neophytos,
1650 2916 1819 2959 antea
1848 2908 2374 2975 frequentabantur,

717 2994 839 3062 jam
885 3011 1118 3061 prorsus
1163 2993 1585 3046 omitterentur.

801 3080 946 3134 Haec
990 3079 1070 3131 ita
1115 3078 1383 3130 minutim
1429 3079 1611 3135 refero
1655 3080 1945 3147 majestati
1989 3089 2122 3141 tuae,
2154 3087 2215 3130 ut
2244 3078 2376 3134 hinc
