2815 3911
720 365 904 405 LIBER
941 369 995 406 V.
1014 386 1086 391 —
1105 371 1396 409 EPISTOLA
1433 370 1514 408 v1.
1828 367 1933 421 393

302 494 449 552 ultro
506 495 635 549 licet
693 497 796 549 tibi
854 488 1163 563 obtrusam‚
1225 501 1504 569 integram
1560 497 1808 553 transfer
1858 498 1931 550 ad

303 581 650 634 Sodalitatem
709 584 1115 648 Misem‘cordiae;
1182 588 1550 656 quantumvis
1606 586 1788 638 menti
1842 603 1933 637 oc-

302 677 530 720 currant
577 670 678 721 tibi
727 672 847 723 noti
889 691 1165 741 pauperes
1209 677 1266 726 in
1311 677 1516 744 quibus
1561 674 1779 742 optime
1823 672 1933 725 col-

300 754 543 807 locanda
588 756 948 826 eleemosyna
989 759 1293 814 videretur.
1340 761 1434 813 Sic
1475 758 1800 826 defungeris
1839 776 1933 826 pe-

301 840 477 893 riculo
536 842 761 893 errandi
814 843 885 894 ab
939 844 1227 897 insidiosis
1281 847 1498 897 artibus
1551 845 1707 897 vafre
1762 844 1935 895 simu-

301 927 540 978 lantium
595 937 650 980 et
703 937 1014 996 egestatem
1064 939 1117 982 et
1165 932 1573 993 innocentiam,
1623 931 1822 981 fraude
1868 947 1936 980 ac

303 1014 511 1065 scelere
551 1014 1010 1082 plenissimorum
1052 1016 1367 1080 hominum,
1410 1017 1505 1085 qui
1547 1033 1662 1068 non
1699 1023 1820 1068 tam
1858 1015 1936 1066 fa-

303 1101 406 1154 cile
453 1101 729 1168 obrepent
776 1101 1055 1155 Sodalibus
1099 1103 1497 1165 Misericordiae,
1545 1103 1618 1155 ad
1663 1120 1806 1169 quos
1849 1108 1935 1153 tu-

302 1186 415 1242 tius
468 1186 876 1256 honestiusque
922 1206 954 1239 a
1000 1197 1056 1240 te
1102 1198 1322 1241 avertes
1369 1188 1800 1258 inquisitionem
1853 1187 1936 1238 in-

302 1274 580 1326 vidiosam
623 1282 678 1326 et
719 1275 1071 1342 perplexam:
1115 1277 1308 1343 sicque
1348 1276 1421 1327 ad
1453 1292 1618 1327 veros
1655 1291 1937 1342 pauperes

302 1360 679 1429 eleemosynae
721 1351 1102 1428 pervenient,
1179 1362 1557 1429 impostorum
1632 1377 1936 1413 avarorum

282 1446 645 1514 *quaestuosis
698 1447 1010 1498 mendaciis
1063 1447 1260 1508 elusis;
1317 1449 1397 1499 sic
1449 1448 1624 1499 etiarn
1677 1455 1738 1498 tu
1788 1447 1934 1498 solu-

301 1534 413 1585 tior
470 1541 524 1585 et
583 1534 898 1601 expeditior
954 1535 1183 1586 vacabis
1243 1534 1561 1586 ministerio
1613 1534 1697 1586 tui
1751 1541 1938 1585 status

301 1620 530 1688 proprio
570 1620 952 1688 juvandarum
1000 1620 1345 1681 animarum;
1396 1620 1485 1673 cui
1533 1638 1647 1673 non
1698 1637 1936 1688 parvam

303 1707 606 1759 necessarii
653 1707 754 1758 otii
799 1715 1021 1775 partem
1070 1707 1252 1775 spissa
1298 1707 1497 1759 isthaec
1542 1715 1597 1759 et
1641 1707 1938 1776 multiplex

301 1794 557 1862 pecuniae
605 1794 1011 1847 distribuendae
1059 1812 1192 1846 cura
1239 1793 1618 1847 subtraheret.
1671 1794 1936 1862 Denique

302 1881 383 1934 sic
436 1881 678 1949 querelis
731 1889 786 1934 et
840 1880 1259 1949 suspicionibus
1312 1880 1419 1933 ibis
1472 1881 1700 1933 obviam
1755 1881 1936 1933 homi-

302 1987 457 2039 num,
498 1988 602 2038 pro
643 1956 942 2020 communi
973 1968 1272 2037 pravitate,
1317 1967 1463 2019 male
1504 1969 1575 2020 de
1614 1976 1671 2020 te
1713 1969 1936 2037 opinari

301 2064 650 2124 paratorum,
689 2056 850 2124 quasi
888 2056 1251 2108 simulatione
1281 2055 1616 2108 consulendi
1645 2055 1787 2118 aliiS,
1819 2072 1938 2108 rem

301 2149 489 2196 astute
547 2150 706 2196 tuam
765 2161 917 2210 agaS,
976 2149 1029 2194 et
1087 2161 1452 2194 nummorum
1508 2160 1652 2210 quos
1704 2160 1939 2210 erogan—

302 2229 406 2280 dos
459 2229 763 2296 acceperis,
818 2237 1038 2295 partem
1093 2228 1197 2280 tibi
1241 2229 1536 2290 recondas,
1586 2228 1939 2280 necessitati-

301 2315 407 2368 bus
454 2315 691 2384 inopum
738 2315 998 2383 improbo
1047 2315 1195 2367 furto
1243 2314 1668 2367 defraudandis.

375 2403 462 2454 Ad
510 2420 607 2454 eos
654 2402 992 2473 quibuscum
1040 2401 1362 2469 religiosam
1411 2410 1508 2453 aut
1554 2401 1797 2464 civilem,
1843 2402 1941 2453 do-

304 2488 602 2540 mesticam
641 2495 738 2540 aut
779 2486 1064 2539 forensem
1105 2504 1238 2538 usus
1276 2503 1342 2537 ac
1381 2486 1660 2538 sermonis
1703 2504 1941 2538 consue-

302 2572 559 2625 tudinem
614 2572 770 2624 vario
820 2572 952 2624 vitae
1003 2572 1351 2623 commercio
1404 2571 1782 2638 usurpaveris,
1825 2570 1943 2622 sive

303 2657 338 2708 ii
394 2659 760 2721 mediocrem,
816 2658 932 2709 sive
991 2676 1280 2709 summam
1339 2666 1531 2710 tecum
1591 2657 1940 2711 familiarita-

302 2740 419 2796 tem
482 2745 889 2807 affectaverint,
957 2745 1042 2795 sic
1101 2752 1157 2796 te
1221 2763 1446 2811 semper
1498 2744 1725 2806 adhibe,
1780 2744 1944 2812 quasi

306 2831 689 2894 existimares,
740 2831 1047 2898 aliquando
1094 2850 1191 2882 eos
1238 2851 1304 2882 ex
1349 2831 1451 2883 tibi
1506 2830 1705 2883 amicis
1758 2830 1943 2882 inimi-

305 2934 402 2969 cos
444 2936 740 2978 evasuros;
790 2917 868 2969 ita
913 2935 1028 2967 non
1077 2917 1423 2978 committes,
1470 2926 1530 2968 ut
1574 2916 1837 2968 conscios
1884 2916 1943 2966 il-

305 3001 389 3055 los
442 3003 655 3055 habeas
704 3003 866 3055 ullius
915 3002 1050 3054 facti
1099 3002 1324 3064 dictive,
1375 3002 1527 3070 quod
1576 3001 1621 3052 si
1669 3020 1943 3070 unquam,

307 3090 402 3141 irae
459 3092 837 3162 indulgentes,
894 3089 1248 3158 protulerint,
1304 3091 1391 3140 vel
1445 3090 1776 3142 erubescere
1834 3098 1945 3139 tra-
