2815 3911
704 384 885 424 LIBER
924 387 976 425 V.
996 402 1067 409 —
1087 387 1377 433 EPISTOLA
1416 387 1495 428 VI.
1805 383 1907 439 411

295 514 362 567 iis
403 515 692 584 ingenerat
732 534 765 568 a
805 516 1090 586 magistro,
1132 519 1510 589 fiduciamque
1550 516 1727 571 demit
1770 533 1907 585 pan-

295 603 466 657 dendi
531 606 580 656 ei
645 604 898 657 cordium
959 606 1176 659 intima.
1243 607 1413 677 Atqui
1475 605 1629 659 omni
1690 604 1909 657 ratione

294 692 703 762 providendum
755 686 838 746 est
891 694 1009 758 tibi,
1063 704 1117 747 et
1171 696 1405 748 omnino
1459 694 1635 748 cuivis
1682 692 1907 746 institu-

293 780 401 833 tori
447 780 719 848 juvenum
773 782 842 832 ad
894 782 1237 851 religionem,
1291 792 1350 835 ut
1404 800 1543 852 quas
1599 782 1654 833 in
1716 780 1909 832 animo

294 855 545 920 sentiunt
599 869 918 934 depravatae
972 877 1186 922 naturae
1239 877 1334 922 aut
1388 868 1619 936 maligni
1677 867 1909 935 spiritus

294 953 683 1021 suggestiones
723 973 755 1004 a
794 961 947 1005 recto
988 963 1308 1018 avocantes,
1347 954 1645 1018 confestim
1681 962 1742 1006 ut
1780 973 1908 1005 exo-

293 1041 511 1093 riuntur
555 1041 867 1104 enuntient,
917 1059 1249 1111 summaque
1296 1042 1645 1110 ingenuitate
1691 1041 1905 1093 fatean-

292 1135 409 1181 tur:
458 1127 608 1196 quod
654 1127 710 1179 ni
756 1126 964 1181 faciant
1011 1146 1301 1197 nunquam
1348 1146 1540 1181 earum
1588 1146 1646 1181 se
1692 1127 1908 1197 laqueis

293 1215 608 1283 expedient,
650 1233 936 1283 nunquam
980 1216 1050 1267 ad
1091 1215 1451 1284 perfectionis
1491 1215 1710 1285 apicem
1748 1223 1908 1267 trans

294 1301 623 1355 insidiarum
664 1302 956 1354 obstacula
995 1310 1385 1369 perrumpent;
1429 1303 1564 1370 quin
1611 1320 1640 1354 e
1686 1309 1906 1354 contra-

292 1388 374 1439 rio
420 1388 528 1440 ista
572 1388 753 1455 prima
800 1388 928 1438 mali
970 1389 1185 1440 semina
1224 1390 1293 1439 ab
1335 1389 1401 1439 iis
1441 1388 1739 1439 infeliciter
1785 1406 1904 1438 sus-

293 1482 474 1543 cepta,
522 1482 576 1528 et
624 1474 850 1528 incauto
896 1473 1014 1529 fota
1060 1474 1299 1538 silentiO,
1350 1475 1406 1528 in
1453 1474 1908 1543 perturbationes

292 1559 500 1612 sensim
566 1559 928 1629 inquietiores
991 1560 1331 1623 adolescent,
1399 1562 1584 1630 quoad
1656 1560 1904 1613 obducto

290 1648 522 1700 tandem
563 1647 734 1699 taedio
773 1647 1083 1715 disciplinae
1124 1648 1398 1710 salutariS,
1441 1656 1759 1715 respectare
1805 1665 1910 1700 un-.

291 1734 361 1786 de
398 1739 666 1786 venerant
706 1733 884 1785 victos
925 1733 1098 1785 animi
1135 1733 1435 1800 coegerint,
1467 1740 1521 1786 et
1545 1733 1682 1801 jugo
1713 1732 1905 1786 Chris-

290 1818 334 1872 ti
379 1838 613 1872 excusso
659 1819 729 1870 ad
774 1827 1021 1871 veterem
1068 1819 1276 1871 resilire
1322 1819 1629 1872 licentiam.

364 1909 519 1977 Quos
565 1915 660 1960 aut
707 1906 1060 1959 confessione
1107 1908 1373 1976 ipsorum,
1424 1916 1519 1961 aut
1562 1907 1740 1976 signis
1780 1907 1904 1959 aliis
1944 1961 1946 1963 ,

291 1993 618 2062 cognoveris
658 1994 729 2046 ad
770 1994 995 2047 inanem
1035 1994 1444 2062 gloriationem,
1483 1995 1555 2047 ad
1588 1995 1904 2063 obsequen-

291 2069 448 2132 dumv
477 2081 881 2149 cupiditatibus
934 2100 1218 2143 sensuum,
1274 2091 1369 2133 aut
1416 2083 1488 2133 ad
1535 2083 1749 2150 quaevis
1796 2082 1908 2133 alia

290 2169 426 2221 vitia
476 2168 865 2221 vehementius
919 2169 1146 2236 impelli,
1201 2170 1267 2221 iis
1319 2169 1426 2222 hac
1473 2171 1777 2222 commoda
1824 2187 1907 2221 ra-

289 2255 444 2307 tione
489 2273 784 2322 suggerere
830 2255 1094 2307 auxilium
1141 2255 1196 2306 in
1240 2256 1338 2307 tali
1381 2265 1767 2323 opportunum
1812 2275 1905 2322 pe-

290 2340 464 2391 riculo
508 2341 736 2408 poteris.
781 2342 926 2411 Jube
972 2341 1111 2403 illos,
1142 2342 1276 2392 dato
1322 2343 1393 2392 ad
1436 2342 1491 2393 id
1539 2343 1742 2410 spatio,
1774 2360 1902 2393 con-

290 2426 508 2494 quirere
559 2435 892 2495 argumenta
945 2427 1130 2479 omnis
1182 2428 1418 2495 generis
1474 2429 1678 2496 quibus
1727 2429 1908 2481 effica-

290 2511 514 2564 cissime
568 2530 735 2579 posse
787 2512 892 2564 sibi
944 2513 1266 2564 viderentur
1316 2513 1560 2581 aliquem
1612 2513 1700 2565 vel
1752 2532 1903 2566 arro-

289 2599 481 2668 gantia
517 2600 822 2668 turgidum,
863 2600 950 2650 vel
991 2600 1441 2667 intemperantiae
1488 2601 1765 2663 deditum,
1814 2600 1901 2651 vel

248 2685 255 2689 ’
291 2685 336 2737 si
382 2702 493 2753 quo
540 2685 659 2738 alio·
696 2685 801 2752 ipsi
842 2692 1152 2747 tentantur,
1196 2685 1370 2737 animi
1411 2687 1610 2738 morbo
1650 2686 1908 2738 laboran-

289 2779 425 2835 tem,
478 2780 574 2824 aut
626 2789 819 2824 curare
871 2771 988 2840 jam
1055 2772 1336 2834 affectum,
1404 2781 1500 2826 aut
1565 2773 1907 2841 praemunire

289 2860 730 2928 periclitantem:
783 2867 839 2912 te
891 2860 1014 2927 ipso
1065 2859 1188 2912 loca
1250 2860 1532 2929 librosque
1598 2861 1906 2924 indicante,

290 2963 355 2998 ac
420 2947 837 2998 manuducente
893 2946 965 2997 ad
1018 2946 1402 2998 inventionem
1457 2947 1745 2999 rationum
1800 2946 1910 2999 huc

291 3036 636 3088 facientium.
689 3036 800 3092 Ubi
841 3035 1176 3102 farraginem
1219 3038 1624 3103 congesserint,
1667 3037 1911 3104 praecipe

293 3130 352 3174 ut
393 3139 459 3174 ex
499 3121 585 3173 his
631 3121 915 3174 orationes
962 3120 1318 3181 concinnent,
1368 3122 1527 3188 quasi
1574 3122 1909 3188 pronuncia—
