2815 3911
654 348 837 387 LIBER
879 351 916 386 Ι.
938 365 1010 371 --
1031 351 1322 389 EPISTOLA
1363 353 1449 388 111.
1804 351 1869 404 17

237 502 338 542 nos
402 499 516 546 rex,
582 489 638 535 et
702 481 1108 550 benignissime
1173 483 1416 552 excepit.
1497 483 1640 535 Erat
1717 481 1871 533 solus

238 575 294 628 in
369 566 630 624 cubiculo
707 584 836 621 cum
916 567 1136 636 regina,
1215 568 1309 622 ubi
1391 586 1521 622 cum
1599 566 1707 620 illis
1770 583 1872 635 per

239 662 462 721 horam,
541 664 598 709 et
675 655 968 725 aliquanto
1045 656 1316 727 amplius,
1395 656 1623 709 fuimus.
1703 657 1870 726 Quae-

240 746 450 803 sierunt
521 759 588 797 ex
655 741 820 796 nobis
892 741 1070 797 multa
1136 742 1464 812 singillatim
1536 743 1607 797 de
1674 748 1872 797 nostra

239 832 461 890 vivendi
519 830 757 894 ratione,
815 830 998 900 deque
1056 850 1189 885 casu
1249 850 1316 885 ac
1374 831 1548 884 modo
1606 850 1720 900 quo
1779 849 1870 884 co-

240 936 506 992 gnoscere
559 918 708 971 inter
758 935 880 981 nOS,
936 926 991 971 et
1037 918 1186 971 coire
1238 918 1295 970 in
1349 918 1684 971 societatem
1739 935 1869 971 con-

240 1007 390 1076 tigit,
455 1013 579 1059 tum
645 1022 758 1073 quo
818 1012 1141 1073 spectarent
1207 1013 1402 1059 nostra
1459 1004 1698 1059 consilia
1760 1004 1871 1073 pri-

242 1113 357 1156 ma,
429 1099 722 1161 postremo
797 1091 867 1142 de
937 1092 1427 1159 persecutionibus
1503 1110 1647 1160 quas
1715 1090 1872 1159 passi

246 1183 443 1234 Romae
518 1196 733 1232 sumus.
806 1181 872 1231 In
941 1197 1054 1249 quo
1126 1180 1290 1233 valde
1363 1180 1487 1233 illos
1566 1179 1873 1233 delectavit

242 1284 367 1320 cum
419 1273 744 1319 narraretur
796 1266 1000 1318 modus
1052 1284 1164 1335 quo
1217 1267 1443 1320 detecta
1495 1266 1732 1319 tandem
1785 1272 1873 1319 est

242 1352 463 1415 veritaS‚
523 1352 947 1422 laudabantque
1019 1354 1171 1422 quod
1245 1361 1574 1406 constanter
1630 1370 1698 1405 ac
1763 1351 1870 1404 for-

243 1440 371 1493 titer
427 1439 914 1506 promovissemus
977 1457 1097 1491 rem
1172 1457 1351 1508 usque
1414 1440 1487 1493 ad
1552 1446 1873 1492 extremum

238 1525 433 1595 judicii
497 1525 741 1588 exitum3
808 1543 874 1577 ac
941 1511 1296 1594 significabat
1361 1544 1475 1590 rex,
1540 1543 1749 1595 cupere
1814 1543 1874 1576 se

244 1611 429 1664 videre
497 1611 844 1664 sententiam
913 1629 1026 1680 qua
1092 1629 1288 1664 sumus
1355 1611 1620 1665 absoluti.
1702 1613 1874 1665 Com-

246 1697 428 1750 munis
497 1697 591 1749 hic
662 1716 798 1749 sane
870 1715 1070 1750 sensus
1142 1705 1227 1751 est
1298 1698 1574 1761 omnium,
1648 1696 1740 1765 pie
1810 1714 1879 1750 ac

244 1785 548 1852 prudenter
599 1784 813 1835 factum
867 1802 900 1835 a
952 1785 1133 1847 nobiS,
1188 1786 1341 1853 quod
1394 1784 1546 1836 nulla
1597 1784 1878 1836 conditio-

246 1886 311 1923 ne
368 1869 644 1924 dimoveri
709 1886 813 1923 nos
869 1870 1023 1939 passi
1082 1887 1278 1924 sumus
1339 1871 1410 1924 ab
1469 1870 1725 1939 urgendo
1783 1885 1872 1923 us-

244 1975 347 2024 que
398 1957 471 2008 ad
525 1956 824 2009 sententiae
877 1957 1093 2019 ultimae
1145 1956 1525 2025 prolationem
1577 1955 1693 2009 litis
1750 1974 1871 2008 cur-

246 2059 333 2106 su3
386 2043 715 2113 passimque
771 2051 997 2102 tantum
1051 2044 1108 2096 id
1162 2044 1588 2107 commendant,
1643 2051 1706 2095 ut
1758 2060 1873 2095 non

245 2126 598 2184 dissimulent
657 2128 761 2183 sibi
814 2128 992 2184 videri
1052 2128 1187 2193 fore,
1247 2136 1309 2184 ut
1368 2128 1476 2183 nisi
1529 2128 1611 2183 sic
1667 2128 1872 2198 egisse-

248 2233 369 2266 mus
432 2217 920 2285 quemadmodum
985 2217 1221 2285 egimus,
1287 2235 1580 2284 nunquam
1646 2215 1876 2268 relaturi

248 2299 545 2356 fuissemus
601 2320 668 2356 ex
721 2303 931 2357 nostris
990 2302 1319 2357 ministeriis
1371 2301 1618 2356 fructum
1678 2301 1874 2355 ullum.

249 2388 445 2457 Itaque
502 2390 694 2453 finem,
751 2397 812 2442 ut
870 2390 1004 2453 dixi,
1059 2408 1173 2442 non
1230 2389 1444 2442 faciunt
1497 2388 1879 2457 praedicandae

247 2473 389 2527 illius
447 2484 659 2529 nostrae
724 2477 1082 2539 constantiae,
1161 2495 1338 2545 usque
1399 2477 1470 2528 ad
1530 2475 1875 2528 sententiam

247 2579 368 2629 quae
413 2563 714 2618 veritatem
768 2564 1014 2634 denique
1060 2563 1333 2633 liquidam
1387 2563 1731 2626 ostenderet,
1780 2562 1876 2615 ob-

248 2647 466 2702 firmate
519 2651 799 2703 durantiS.

319 2737 398 2789 Ut
469 2739 542 2790 ad
609 2756 800 2807 regem
873 2746 928 2791 et
1006 2738 1258 2807 reginam
1337 2737 1586 2800 redeam,
1665 2736 1878 2805 placuit

249 2821 505 2876 multum·
551 2824 690 2894 ipsis
755 2825 908 2894 quod
979 2825 1280 2877 audierunt
1345 2824 1493 2877 clare
1561 2824 1631 2876 de
1696 2822 1879 2876 forma

248 2923 310 2959 ac
373 2911 594 2965 ratione
658 2921 982 2966 nostrarum
1047 2912 1342 2975 domuum,
1409 2910 1878 2964 ministeriorum-

247 3009 351 3059 que
409 3006 464 3051 et
518 2999 696 3053 totius
747 2999 993 3053 instituti
1050 2999 1287 3052 consilio
1338 3016 1405 3051 ac
1457 3015 1651 3065 scopo.
1722 2999 1880 3050 Inter

249 3076 384 3146 haec,
443 3105 539 3139 rex
609 3086 799 3140 vocari
864 3085 1034 3156 jussit
1105 3085 1277 3138 filiam
1350 3104 1511 3138 suam
1583 3083 1878 3137 dominam

1675 3197 1707 3239 2
