2768 3911
635 304 819 343 LIBER
860 304 1325 344 11.—EPISTOLA
1367 306 1439 344 IX.

237 450 413 517 ipsum
460 437 612 507 quod
659 437 967 491 extundere
1013 437 1267 507 potuisti.
1324 439 1449 507 Ego
1495 437 1725 507 quidem
1772 436 1854 491 sic

237 551 322 588 me
373 526 633 582 consolor
684 525 741 576 in
795 525 1074 578 similibus
1132 526 1417 578 aerumnis.

306 614 583 671 Dominus
638 613 795 664 Deus
847 612 919 664 sit
973 630 1196 683 semper
1247 621 1456 675 tecum,
1511 621 1566 665 et
1614 614 1709 664 det
1756 630 1855 663 no-

237 708 317 762 bis
373 719 532 757 suam
597 701 859 770 gratiam,
928 708 988 754 ut
1054 719 1278 771 semper
1342 700 1449 771 ipsi
1508 700 1852 753 serviamus!

240 792 388 847 Vale.

309 953 632 1018 Manapare,
676 963 803 1000 XIII.
855 949 978 1000 Kal.
1027 949 1251 1017 Aprilis,
1301 950 1467 1001 Anno
1517 950 1854 1001 MDXLIV.

375 1112 531 1163 Tuus
585 1108 641 1160 in
697 1109 928 1162 Christo
981 1111 1170 1172 trater,

922 1470 1146 1515 *mx
1153 1482 1181 1489 .-

1383 1273 1782 1324 FRANCISCUS.

694 1656 1181 1717 ,EPISTOLA
1272 1657 1395 1718 [X.

905 1886 1192 1946 Eidem.

311 2116 389 2167 De
433 2116 691 2185 mancipio
737 2134 769 2168 a
814 2117 1088 2168 Lusitanis
1133 2122 1295 2186 capt0‚
1340 2135 1398 2168 ac
1440 2118 1500 2169 de
1542 2118 1698 2170 unalis
1742 2118 1861 2169 inde

247 2201 438 2263 oborti&
491 2203 710 2271 aliisque
763 2203 1186 2255 imminentibus.-
1243 2204 1301 2255 de
1352 2203 1673 2256 restitutione
1725 2204 1892 2277 capti·

240 2289 573 2353 procuranda.
632 2290 736 2340 Rei
791 2290 1108 2358 indignitate
1160 2296 1438 2342 commotus
1489 2290 1753 2341 Xaverius
1805 2291 1863 2341 in

248 2371 567 2443 AEthiopiam
617 2375 693 2427 ire
743 2375 953 2445 cogitat.

318 2528 659 2586 Charissime
713 2533 769 2586 in
824 2533 1056 2587 Christo
1115 2533 1303 2596 frater,

263 2682 386 2819 N
413 2689 622 2744 ULLIS
680 2693 818 2745 satis
870 2693 1182 2762 exprimere
1233 2693 1337 2745 tibi
1397 2692 1584 2746 verbis
1634 2710 1863 2761 possem

439 2787 651 2846 quanto
709 2799 909 2849 urgear
961 2780 1243 2833 desiderio
1306 2781 1377 2832 ad
1431 2797 1533 2831 vos
1587 2780 1644 2832 in
1698 2780 1868 2832 istam

253 2873 401 2912 oram
430 2866 616 2917 eundi.
667 2868 960 2919 Confirmo
1003 2867 1106 2919 tibi
1151 2874 1211 2918 ut
1255 2885 1373 2918 rem
1417 2866 1792 2929 verissimam,
1825 2866 1871 2918 si

254 2939 353 2997 hoc
386 2946 507 3017 ipso
541 2952 631 3005 die
669 2953 1023 3022 contingeret
1062 2953 1226 3023 copia
1266 2952 1426 3006 navis
1465 2952 1611 3006 istuc
1649 2952 1869 3006 solven-

261 3029 345 3094 tis,
383 3052 470 3089 me
513 3040 785 3094 continuo
828 3040 1231 3109 profecturum.
1281 3041 1447 3093 Nunc
1489 3047 1765 3094 venerunt
1806 3040 1878 3093 ad

1748 306 1847 343 111
