2692 3907
699 430 802 484 290
1087 430 1270 467 LIBER
1310 431 1386 467 IV.
1408 447 1481 453 —
1502 432 1796 469 EPISTOLA
1833 432 1936 469 VII.

696 561 843 613 vires
902 562 1246 615 desiderant.
1310 563 1593 615 Nimirum
1655 582 1921 632 magnam
1981 582 2077 615 rex
2122 582 2155 614 a
2202 564 2328 614 Deo

696 646 862 700 iniret
918 648 1177 717 gratiam,
1227 649 1273 701 si
1321 649 1377 701 in
1433 650 1657 701 Indiam
1719 650 1970 702 mitteret
2029 649 2327 701 conciona-

697 744 866 801 toreS,
929 754 958 789 e
1017 745 1212 790 nostra
1278 739 1564 792 Societate
1631 739 2116 808 quamplurimos:
2184 739 2329 791 adeo

700 823 973 875 Indorum
1033 842 1185 892 gens
1230 825 1491 877 universa
1556 825 1711 877 rudis
1770 834 1854 877 est
1923 832 1978 877 et
2046 824 2327 894 imperita.

701 913 844 964 Haec
885 914 957 964 ad
989 921 1046 965 te
1087 913 1272 965 scribo
1312 932 1414 983 pro
1455 932 1578 978 usn,
1621 932 1789 983 quem
1831 913 2033 966 horum
2074 914 2327 966 locorum

692 1000 812 1067 jam
869 999 1070 1055 habeo.
1132 1002 1298 1069 Quod
1354 1001 1398 1055 si
1453 1001 1597 1055 forte
1655 1000 1979 1055 christianae
2045 1000 2330 1068 religionis

699 1087 1035 1157 propagatio
1076 1088 1131 1139 in
1182 1087 1540 1141 ethnicorum
1595 1089 1781 1158 regnis
1835 1109 2071 1158 magnas
2123 1088 2330 1140 habere

697 1176 922 1229 videtur
986 1176 1366 1241 difficultateS,
1427 1194 1563 1231 cave
1622 1185 1923 1246 propterea
1977 1178 2046 1230 ab
2103 1177 2331 1245 incepto

702 1262 1065 1325 deterrearis;
1112 1263 1297 1331 prima
1340 1263 1550 1333 quippe
1587 1284 1653 1316 ac
1689 1263 1990 1333 potissima
2032 1262 2334 1316 difficultas

701 1351 757 1400 in
812 1352 975 1401 nobis
1032 1361 1136 1402 est.
1201 1354 1403 1420 Itaque
1461 1361 1687 1403 nostros
1746 1353 2007 1402 homines
2065 1353 2332 1420 primum,

703 1439 909 1491 deinde
964 1438 1225 1491 ethnicos
1281 1440 1562 1492 curandos
1618 1457 1841 1492 censeO.
1901 1441 2110 1507 Quaeso
2159 1446 2233 1501 te,
2276 1438 2333 1491 in

702 1545 915 1577 annum
975 1525 1296 1595 proximum
1357 1525 1600 1589 elabora,
1663 1534 1940 1595 quantum
1973 1534 2181 1596 potes,
2235 1546 2336 1595 per

705 1615 911 1677 Deum,
954 1622 1015 1667 ut
1057 1614 1489 1667 concionatores
1534 1614 1846 1667 habeamus
1893 1615 2147 1667 idoneos.

777 1700 864 1751 De
907 1699 1074 1752 rebus
1123 1699 1336 1752 Indicis
1383 1699 1521 1752 nihil
1558 1700 1629 1752 ad
1667 1708 1724 1753 te
1763 1699 1966 1763 scribO,
2015 1700 2167 1768 quod
2214 1700 2332 1752 Ma-

698 1786 855 1838 lacca
882 1786 940 1837 in
976 1786 1200 1838 Indiam
1240 1786 1380 1838 redii
1418 1794 1548 1839 octo
1586 1788 1656 1838 ab
1694 1787 1826 1839 hinc
1869 1787 2086 1850 diebus,
2127 1806 2333 1857 neque-

702 1875 839 1926 dum
887 1875 1193 1941 quicquam
1241 1874 1354 1925 fere
1402 1876 1471 1926 de
1518 1875 1586 1926 iis
1633 1875 1905 1941 cognovi;
1962 1892 2087 1942 quae
2141 1883 2332 1927 autem

703 1960 962 2027 cognovi,
1030 1960 1310 2027 ejusmodi
1371 1969 1521 2021 sunt,
1579 1968 1639 2011 ut
1696 1979 1973 2028 cognosse
2037 1962 2332 2028 poeniteat.

705 2047 962 2100 Comites
1010 2047 1139 2109 mei,
1180 2056 1239 2099 ut
1277 2048 1495 2116 opinor,
1542 2049 1610 2099 de
1655 2047 1809 2099 hisce
1855 2049 2022 2100 rebus
2070 2048 2334 2100 omnibus

705 2134 777 2185 ad
824 2141 880 2185 te
928 2133 1301 2201 perscribunt.
1359 2135 1516 2201 Quos
1557 2151 1586 2185 e
1629 2133 1916 2186 Societate
1962 2134 2034 2185 ad
2081 2133 2333 2186 ethnico-

701 2238 824 2271 rum
886 2219 1315 2271 conversionem
1382 2220 1711 2282 destinabis,
1778 2219 1920 2271 tales
1985 2238 2109 2271 esse
2168 2220 2333 2271 debe-

703 2307 864 2368 bunt,
922 2315 982 2358 ut
1041 2314 1168 2358 tuto
1225 2307 1312 2358 vel
1371 2307 1645 2369 comitati,
1705 2307 1792 2358 vel
1851 2307 1954 2358 soli
2015 2307 2333 2374 mittantur,

704 2411 1063 2460 quocumque
1118 2411 1260 2460 opus
1314 2393 1404 2454 sit,
1460 2393 1575 2445 sive
1629 2393 1685 2444 in
1743 2393 2051 2455 Molucum,
2107 2381 2223 2444 sive
2278 2393 2335 2444 in

713 2479 897 2541 Sinas,
947 2478 1063 2530 sive
1105 2478 1161 2529 in
1200 2478 1525 2549 Japoniam,
1575 2478 1691 2530 sive
1734 2479 1790 2530 in
1838 2499 2072 2547 regnum
2123 2480 2335 2547 Pegua-

709 2586 864 2631 num,
908 2567 1024 2619 sive
1078 2566 1206 2639 alio,
1264 2568 1431 2636 Apud
1486 2567 1746 2636 quamvis
1801 2567 2002 2620 harum
2061 2567 2334 2636 gentium,

710 2654 972 2707 homines
1026 2654 1196 2707 etiam
1253 2672 1366 2706 non
1415 2654 1830 2716 litteratissimi,
1889 2655 2060 2707 modo
2115 2654 2339 2722 egregia

709 2741 918 2793 virtute
983 2740 1226 2809 praediti,
1293 2740 1575 2809 egregiam
1644 2742 1768 2793 Deo
1834 2760 2039 2794 navare
2104 2761 2336 2810 operam

623 2861 634 2867 „
705 2836 964 2897 possunt.

785 2919 980 2969 Unum
1010 2924 1094 2968 est
1124 2917 1193 2967 de
1222 2934 1351 2983 qUO,
1383 2934 1484 2983 pro
1525 2917 1640 2967 suis
1680 2916 1937 2984 plurimis
1974 2935 2039 2968 ac
2079 2917 2340 2968 maximis

708 3023 841 3073 erga
885 3004 1230 3056 Societatem
1275 3010 1528 3055 nostram
1558 3004 1900 3071 promeritiS,
1945 3021 2130 3071 regem
2179 3004 2338 3055 Lusi-

708 3091 881 3145 taniae
920 3090 1277 3142 admonitum
1320 3090 1507 3151 velim,
1554 3091 1714 3157 cujus
1756 3090 2041 3157 praecipue
2084 3090 2338 3151 interest,

710 3198 942 3233 suorum
991 3179 1256 3249 primum,
1306 3179 1510 3230 deinde
1558 3178 1935 3242 ethnicorum,
1985 3179 2077 3248 qui
2121 3179 2177 3229 in
2219 3179 2340 3248 ejus
