2645 3907
30 894 45 909 ’ἱ
28 813 48 888 ’,ῗῖῒῖῑ

0 1437 23 1451 j
0 790 23 1420 ‚“iffi-§52:43³»tamea-thafgnenmfflm‘mmwfflmffl›ww->3—
3 752 21 765 :³
3 696 17 742 a„
17 616 19 618 ,
4 507 18 513 ,ς
2 482 8 491 ”
16 462 17 465 Α
15 446 17 448 «

28 1028 36 1070 ..Α
28 989 35 1016 μ,

23 501 64 523 ²³;:

36 552 41 556 .
55 530 70 556 {V}

23 548 70 616 ’ῗιῇι

41 613 59 634 ιη,Γ

35 676 61 694 ἁε.

26 687 46 721 {e

27 722 46 764 z

29 766 47 778 ιη.

28 780 47 811 ξὶ

29 1018 50 1221 -ψῖῆτςκ-πιῃῳ
29 964 49 1011 *rard
30 922 46 960 mr:
31 911 45 917 ς

599 294 666 360 98
1018 309 1200 345 LIBER
1242 310 1303 345 11.
1326 325 1398 331 ——
1420 311 1715 347 EPISTOLA
1755 311 1809 347 V.

595 439 907 492 abstinerent
967 441 1096 490 caede
1148 458 1441 502 vaccarum,
1495 460 1717 508 quarum
1776 442 1933 509 specie
1979 443 2060 493 dii
2103 444 2227 494 cole-

594 534 790 579 rentur.
862 526 1102 588 Deinde,
1157 533 1213 577 ut
1263 528 1618 585 Brachmam's
1686 530 1895 579 deorum
1949 531 2229 583 cultoribus

597 614 810 682 benigne
862 615 1114 681 facerent.
1200 615 1329 664 Hoc
1394 631 1499 681 ego
1563 631 1839 682 responso
1904 623 2229 669 commotus

602 704 903 769 (magnum
957 700 1108 751 enim
1168 699 1290 767 cepi
1343 699 1518 751 animi
1573 700 1847 775 dolorem,
1903 701 2225 755 daemonem

599 807 631 840 a
693 787 860 841 caecis
920 785 1246 839 hominibus
1307 785 1414 838 coli
1481 804 1584 854 pro
1653 787 1808 849 Deo)
1884 787 2096 856 rogavi,
2167 800 2228 843 ut

599 893 689 927 me
752 874 1003 926 vicissim
1068 874 1330 925 audirent
1396 891 1714 941 magnaque
1777 892 1916 926 voce
1979 893 2227 943 pronun-

596 962 733 1013 tiavi
797 960 1130 1030 Symbolum
1194 960 1616 1028 Apostolorum,
1680 967 1735 1012 et
1799 961 1989 1029 capita
2044 962 2223 1015 Deca-

597 1048 728 1117 logi.
807 1048 976 1100 Inde.
1020 1047 1175 1099 brevi
1251 1046 1647 1116 explanatione
1720 1047 1908 1115 patrio
1973 1048 2225 1117 ipsorum

596 1152 858 1187 sermone
915 1133 1270 1201 interposita,
1326 1132 1460 1201 quid
1514 1132 1811 1201 paradisus
1864 1141 2032 1197 esset,
2088 1134 2223 1203 quid

597 1221 867 1283 inferum,
944 1220 1195 1281 ostendi3
1271 1227 1327 1271 et
1393 1219 1560 1271 simul
1625 1220 1719 1288 qui
1786 1221 1856 1272 ad
1923 1222 2219 1274 beatorum

597 1315 809 1361 coetum
850 1307 1138 1360 evolarent
1185 1308 1241 1358 in
1289 1306 1513 1370 coelum,
1562 1307 1657 1376 qui
1704 1308 1776 1361 ad
1825 1316 2038 1362 aeterna
2085 1308 2221 1362 infe-

599 1412 787 1449 rorum
853 1394 1129 1462 supplicia
1189 1401 1538 1461 raperentur.
1605 1393 1824 1462 Quibus
1888 1394 1964 1447 illi
2017 1394 2229 1448 auditis

597 1482 784 1536 subito
868 1488 1275 1549 consurgentes
1357 1480 1618 1533 certatim
1711 1501 1801 1533 me
1891 1483 2222 1551 amplexari,

595 1569 1034 1622 christianorum
1085 1570 1271 1620 Deum
1318 1588 1513 1619 verum
1562 1587 1685 1619 esse
1738 1571 2009 1638 profiteri,
2066 1573 2226 1640 cujus

594 1658 746 1726 leges
793 1657 948 1709 omni
996 1675 1062 1707 ex
1114 1659 1273 1724 parte
1327 1664 1701 1723 congruerent
1755 1657 1980 1709 rationi.
2041 1660 2225 1726 Roga-

593 1751 723 1796 runt
777 1743 1000 1804 deinde,
1053 1760 1179 1793 num
1240 1742 1448 1793 emimus
1499 1741 1786 1804 hominum,
1851 1744 1974 1795 item
2025 1750 2082 1795 ut
2132 1763 2222 1796 cce-

594 1836 817 1882 terarum
879 1828 1252 1890 animantium,
1313 1827 1473 1880 simul
1525 1847 1640 1880 cum
1690 1834 1896 1898 corpore
1947 1830 2225 1883 interiret?

596 1915 994 1984 Suppeditavit
1059 1914 1196 1966 mihi
1261 1915 1416 1965 Deus
1474 1914 1617 1966 tales
1669 1915 1937 1977 rationeS,
1992 1923 2226 1984 tamque

594 2001 815 2053 illorum
878 2000 1137 2052 sensibus
1199 2000 1619 2061 accomodataS,
1684 2008 1745 2052 ut
1809 2000 1889 2052 eis
1958 2000 2225 2070 singulari

593 2088 847 2157 ipsorum
904 2087 1196 2139 voluntate
1257 2086 1421 2153 plane
1474 2087 1773 2154 probarem
1827 2087 2222 2142 immortalita-

593 2184 711 2228 tem
764 2175 1104 2227 animorum.
1159 2175 1509 2242 Argumenta
1562 2173 1777 2242 utique,
1833 2175 2038 2243 quibus
2084 2176 2224 2229 idio-

592 2272 666 2319 tae
728 2263 822 2317 isti
884 2262 1146 2316 homines
1207 2261 1581 2315 convincendi
1645 2270 1793 2325 sunt,
1863 2282 2223 2333 nequaquam

594 2351 822 2406 subtilia
883 2370 1006 2404 esse
1068 2358 1310 2419 oportet,
1375 2350 1695 2418 cujusmodi
1752 2351 2116 2419 reperiuntur
2168 2352 2224 2404 in

594 2442 893 2492 doctorum
947 2439 1243 2490 hominum
1295 2437 1470 2500 libris,
1525 2438 1624 2489 sed
1678 2438 1933 2506 ipsorum
1983 2439 2225 2508 ingeniis

594 2535 994 2580 consentanea.
1066 2525 1351 2579 Sciscitati
1404 2532 1535 2579 sunt
1588 2543 1797 2590 rurSUS,
1851 2544 1953 2596 qua
2004 2527 2223 2581 morien-

595 2616 659 2668 tis
723 2615 930 2668 animus
994 2615 1184 2667 exiret.-
1248 2614 1338 2682 qui
1390 2613 1541 2681 fieret
1612 2619 1669 2665 ut
1740 2614 1797 2666 in
1870 2614 2063 2668 somnis
2133 2614 2219 2679 (id

595 2703 747 2770 quod
806 2701 945 2754 mihi
998 2702 1105 2768 ipsi
1159 2719 1310 2767 saepe
1362 2719 1467 2751 usu
1528 2700 1701 2761 venit,
1757 2700 1957 2753 fratres
2011 2701 2221 2753 charis-

594 2788 742 2850 simi,
791 2806 920 2840 cum
966 2806 1068 2839 vos
1115 2786 1366 2849 somnio)
1417 2805 1533 2837 cum
1587 2787 1771 2838 amicis
1825 2788 2055 2856 notisque
2113 2806 2222 2840 ver-

594 2876 706 2928 sari
760 2876 906 2928 nobis
964 2875 1275 2926 videamur?
1327 2874 1478 2926 Num
1528 2873 1655 2941 quia
1706 2874 1915 2927 animus
1966 2875 2152 2927 exiliat
2200 2894 2224 2927 e

598 2966 840 3032 corpore?
919 2963 1179 3031 Denique
1251 2961 1398 3013 albus
1468 2979 1548 3023 ne,
1623 2980 1692 3013 cm
1756 2968 1867 3014 ater
1927 2962 1996 3015 sit
2058 2963 2221 3015 Deus.

597 3053 746 3104 Nam
802 3069 929 3103 cum
978 3057 1139 3103 tanta
1186 3056 1448 3102 cernatur
1495 3048 1549 3099 in
1597 3048 1923 3103 hominibus
1970 3049 2220 3103 colorum
