2692 3907
714 395 818 463 348
970 411 1154 447 LIBER
1195 410 1643 448 1v.-—SYMBoL1
1687 411 2091 449 DECLARATIO.

788 540 1147 609 Quicumque
1225 541 1595 593 christianam
1673 542 1918 610 amplexi
1996 542 2345 609 religionem,
2402 549 2405 552 ⁴

714 627 833 693 ejus
888 627 1133 680 officium
1188 635 1381 680 tenere
1435 646 1501 680 ac
1555 630 1726 682 fidem
1775 637 2047 697 praestare
2101 629 2346 679 decrevi-

715 732 858 773 mus,
902 731 1015 764 non
1058 714 1230 765 modo
1271 714 1519 775 credere,
1558 722 1834 781 tanquam
1874 716 1946 767 ad
1984 715 2224 767 salutem
2255 732 2347 767 ne-

714 800 1041 860 cessarium,
1087 800 1207 850 sine
1267 800 1379 849 ulla
1429 800 1786 850 dubitatione
1854 800 2145 860 debemUS‚
2188 800 2346 866 quid-

714 884 849 951 quid
916 885 985 937 de
1053 884 1285 938 Christo
1352 886 1476 953 ipso
1533 886 1828 948 Domin0‚
1887 887 2011 938 Deo
2073 886 2239 937 simul
2293 894 2347 939 et

714 968 961 1032 homine,
1017 970 1295 1037 Apostoli,
1365 971 1646 1039 discipuli,
1716 979 1995 1041 martyres
2048 980 2103 1025 et
2164 973 2347 1025 sancti

713 1076 912 1111 omnes
978 1060 1368 1112 crediderunt:
1438 1060 1536 1111 sed
1591 1059 1764 1112 etiam
1819 1058 1938 1129 pari
2005 1058 2348 1114 necessitate

712 1145 1120 1212 adstringimur
1174 1146 1420 1197 universi
1469 1147 1540 1197 ad
1587 1148 2047 1214 persuadendum
2105 1147 2346 1198 certissi-

713 1249 803 1283 me
857 1232 1039 1294 nobis,
1097 1232 1420 1284 institutam
1463 1233 1534 1284 ab
1582 1251 1648 1285 eo
1703 1233 1760 1284 in
1814 1233 1980 1285 terris
2034 1232 2205 1285 fuisse
2259 1250 2346 1286 ca-

710 1318 983 1370 tholicam
1052 1318 1394 1381 Ecclesiam,
1451 1319 1540 1371 cui
1594 1320 1689 1387 qui
1744 1327 1996 1387 praesunt
2050 1337 2083 1371 a
2136 1322 2349 1373 Sancto

713 1404 926 1471 Spiritu
991 1405 1354 1472 diriguntur;
1421 1406 1501 1458 ita
1549 1414 1609 1458 ut
1659 1406 1920 1458 dubitare
1967 1405 2120 1457 nullo
2178 1414 2349 1474 pacto

710 1490 877 1543 liceat
926 1492 1080 1558 quin,
1137 1509 1262 1559 quae
1312 1492 1389 1543 illi
1442 1492 1817 1560 praescribunt
1871 1493 2243 1554 observanda,
2292 1500 2348 1545 et

709 1576 943 1628 tradunt
991 1577 1259 1639 tenenda,
1303 1585 1460 1630 recta
1500 1585 1555 1630 et
1596 1595 1728 1630 vera
1789 1579 1921 1630 sint.
1981 1580 2047 1628 In
2089 1578 2156 1629 iis
2197 1579 2346 1630 enim

711 1681 837 1730 quae
891 1664 1195 1716 universali
1252 1682 1534 1718 consensu
1591 1666 1810 1718 cunctis
1864 1665 2078 1735 pariter
2129 1667 2348 1734 agenda

709 1750 796 1801 vel
849 1751 1083 1803 vitanda
1138 1752 1481 1804 decernunt:
1532 1752 1615 1805 uti
1663 1761 1717 1805 et
1765 1752 1821 1804 in
1870 1752 1978 1805 illis
2025 1770 2150 1820 quae
2199 1753 2348 1805 circa

709 1846 902 1889 vetera
956 1839 1246 1906 dogmata,
1295 1839 1382 1891 vel
1430 1839 1840 1892 subnascentes
1892 1840 1962 1892 de
2010 1839 2076 1891 iis
2124 1847 2345 1892 contro-

709 1926 940 1989 versias,
1003 1936 1227 1979 maturo
1293 1927 1532 1980 consilio
1598 1927 1895 1990 definiunt,
1963 1926 2176 1980 habent
2243 1926 2347 1979 sibi

711 2014 1052 2082 promissam
1094 2014 1271 2067 divini
1315 2014 1561 2084 Spiritus
1603 2015 2009 2078 assistentiam,
2050 2032 2162 2083 qua
2201 2032 2346 2066 erra-

711 2118 769 2151 re
811 2120 922 2153 non
965 2102 1243 2154 sinantur.
1298 2104 1543 2154 Sanctos
1590 2103 1761 2170 igitur
1801 2121 2050 2154 canones
2093 2104 2344 2164 Patrum,

711 2185 940 2239 decreta
995 2189 1406 2250 Conciliorum,
1457 2188 1759 2255 edictaque
1808 2188 2148 2241 universalia
2203 2190 2345 2241 Pon-

709 2267 945 2326 tificum*
984 2277 1354 2326 Summorum
1416 2295 1448 2326 a
1502 2275 1904 2336 cardinalibus,
1972 2273 2344 2342 patriarchis,

710 2360 1173 2428 archiepiscopis,
1223 2361 1524 2429 episcopiS,
1569 2362 1904 2429 caeterisque
1945 2361 2196 2430 praelatis
2240 2362 2345 2412 Ec-

709 2448 895 2500 clesiae
952 2448 1263 2516 proposita,
1320 2466 1500 2516 prona
1553 2448 1937 2509 veneratione,
2007 2454 2161 2500 certa
2216 2447 2344 2507 fide,

708 2541 977 2601 prompto
1028 2535 1302 2587 debemus
1350 2535 1628 2603 obsequio
1676 2536 1961 2603 excipere;
2011 2534 2179 2602 plane
2225 2551 2344 2600 per-

709 2620 879 2682 suasi,
923 2620 1108 2688 juberi
1158 2639 1224 2672 ea
1266 2620 1571 2689 docerique
1614 2621 1955 2674 auctoritate
2011 2637 2077 2672 ac
2125 2621 2345 2688 sapien-

707 2709 788 2760 tia
836 2708 1051 2760 Christi
1102 2709 1355 2771 Domini,
1407 2728 1507 2778 per
1553 2727 1696 2777 quos
1745 2707 1852 2759 sibi
1900 2706 2196 2759 substituit
2244 2704 2342 2758 mi-

708 2795 919 2849 nistros
973 2815 1134 2849 suam
1188 2797 1507 2850 Ecclesiam
1565 2798 1901 2866 gubernare,
1951 2804 2006 2848 et
2054 2796 2126 2848 ad
2174 2796 2343 2846 finem

708 2884 814 2951 ipsi
868 2885 1163 2951 praefixum
1222 2893 1450 2936 aeternae
1505 2884 1704 2935 salutis
1752 2884 1992 2950 dirigere
2039 2882 2341 2950 pergentiS.

710 2972 840 3023 Hoc
882 2971 1046 3023 nobis
1085 2972 1490 3024 commendare
1535 2970 1712 3024 voluit
1753 2972 1999 3023 Sanctus
2038 2968 2345 3038 Apostolus

707 3066 762 3108 et
834 3056 1204 3126 Evangelista
1273 3055 1584 3109 Matthaeus
1651 3057 1882 3123 quando
1948 3056 2119 3109 dixit:
2176 3055 2343 3112 Credo

703 3150 937 3199 sanctam
987 3147 1282 3198 Ecclesiam
1336 3145 1663 3200 catholicam.
