2768 3911
669 376 850 411 LIBER
896 376 956 411 11.
979 392 1050 398 --
1072 377 1362 413 EPISTULA
1403 376 1552 414 XXVI.
1827 374 1926 428 157

303 519 537 571 fortuna,
587 506 882 560 christiani
927 506 1173 576 plurimi,
1223 525 1464 576 quorum
1514 516 1794 576 praeterea
1840 525 1930 559 me

302 606 585 669 respectus
632 595 782 664 cogit
830 595 921 647 hic
968 604 1025 648 te
1072 597 1258 648 denuo
1306 595 1480 648 etiam
1530 602 1702 664 atque
1754 594 1928 648 etiam

303 704 455 742 orare
510 701 579 735 ne
635 681 927 749 quidpiam
980 682 1385 754 praetermittas
1428 700 1549 751 ‘quo
1598 689 1929 751 prompt-um

303 784 355 828 et
417 771 627 830 efficax,
701 768 1033 836 urgentibus
1097 776 1182 821 tot
1249 785 1699 820 aerumnosorum
1765 766 1929 819 malis

302 855 592 913 accelerari
646 854 961 906 remedium
1016 863 1204 922 queat.

373 941 651 995 Dominus
699 948 893 991 noster
939 940 1010 991 sit
1059 958 1283 1008 semper
1329 940 1650 991 vobiscum!
1726 941 1926 992 Amen.

373 1086 655 1148 Alendale,
715 1085 896 1136 Nonis
951 1085 1322 1154 Septembris,
1376 1086 1541 1136 Anno
1592 1085 1927 1137 MDXLIV.

442 1234 598 1283 Tuus
652 1231 709 1280 in
764 1231 997 1283 Christo
1049 1231 1480 1282 amantissimus
1534 1230 1722 1292 frater,

1458 1378 1854 1428 FRANC1scth.

900 1613 916 1615 ἡ
932 1611 1020 1625 μ,
1042 1603 1331 1625 «,WA—Q---m
1390 1607 1398 1609 ν»

705 1783 928 1842 EPJS
939 1783 1190 1842 TOLA
1254 1783 1519 1842 XXVI.

970 2009 1252 2069 Eidem.
1394 1999 1408 2018 ⁸

371 2237 450 2287 De
531 2239 1028 2290 Tutucurinensibus
1104 2258 1135 2289 α
1204 2240 1555 2308 Badagarmn-
1637 2241 1927 2293 incursione

306 2321 513 2373 tuendis.

373 2465 716 2519 Charissime
770 2468 825 2519 in
880 2468 1111 2521 Christo
1165 2468 1352 2531 frater,

376 2609 526 2662 Deus
590 2614 873 2665 Dominus
935 2622 1129 2666 noster
1182 2633 1284 2666 suo
1338 2633 1564 2683 semper
1615 2616 1717 2669 tibi
1771 2617 1923 2670 auxi-

305 2692 372 2744 lio
420 2706 629 2763 praesto
683 2700 781 2752 sit!
840 2701 1039 2751 Amen.

312 2833 517 2974 SUM
585 2844 641 2894 in
708 2863 914 2913 magna
985 2845 1364 2897 sollieitudine
1435 2864 1537 2914 pro
1601 2847 1924 2900 christianis

448 2929 1029 2993 TutueurinensibUS‚
1097 2933 1319 3000 quibuS,
1392 2934 1710 3006 miserrimo
1773 2936 1920 3004 ipso—

305 3026 417 3064 rum
479 3023 755 3086 tempore,
819 3038 987 3072 nemo
1041 3028 1126 3073 est
1180 3021 1434 3073 omnium
1494 3023 1588 3090 qui
1642 3023 1919 3076 consulat.

308 3094 406 3149 Per
460 3120 562 3169 ego
639 3113 695 3158 te
755 3113 1030 3174 quantum
1099 3106 1283 3175 diligis
1354 3108 1538 3161 Deum
1609 3109 1921 3162 Dominum
