2645 3907
642 331 709 384 72
1057 334 1238 370 LIBER
1280 335 1341 370 ΙΙ.
1364 350 1435 355 --
1457 335 1749 371 EPISTOLA
1791 335 1851 370 ΙΙ.

641 463 834 529 eisque
908 482 1095 529 regem
1163 465 1313 525 dare,
1381 465 1474 531 qui
1544 465 1637 531 jus
1710 465 1879 525 dicat,
1956 480 2264 529 eorumque

641 552 959 602 commodis
1012 559 1065 602 et
1120 552 1285 603 saluti
1339 552 1614 604 consulat.
1698 552 1756 603 Si
1822 549 2080 603 Pontifex
2145 550 2263 601 Ma-

638 637 822 689 ximus
871 637 1223 705 exploratum
1271 636 1522 700 haberet,
1572 657 1741 705 quam
1795 637 2122 703 diligentem
2174 637 2263 686 In-

639 723 746 775 diae
824 731 1034 790 praetor
1110 742 1340 790 operam
1420 732 1586 775 navet
1665 723 1937 789 religioni,
2010 721 2264 789 profecto

639 807 793 859 illum
848 827 950 876 pro
1004 809 1241 877 egregiis
1294 810 1410 861 suis
1458 810 1513 860 in
1560 827 1678 861 rem
1727 809 2096 861 christianam
2150 814 2263 859 stu-

639 894 747 945 diis
806 903 976 962 atque
1038 895 1236 946 officiis
1298 895 1662 947 collaudaret.
1728 894 1976 946 'Proinde
2036 892 2262 955 efficieS‚

635 980 680 1030 si
726 980 1026 1042 videbitur,
1076 988 1136 1032 ut
1189 980 1392 1032 litteris
1444 981 1515 1032 ad
1569 999 1697 1032 eum
1752 980 1941 1032 missis
1993 978 2258 1041 declaret,

634 1065 811 1132 ipsius
857 1066 1040 1118 officia
1084 1066 1188 1117 sibi
1222 1064 1558 1134 'gratissima
1603 1067 1895 1118 accidisse.
1965 1067 2086 1117 Nec
2127 1081 2260 1116 vero

634 1160 737 1214 est,
787 1154 937 1219 quod
987 1152 1062 1203 illi
1110 1153 1429 1222 neophytos
1475 1153 1837 1205 commendet
1889 1150 2056 1214 (nihil
2108 1150 2260 1202 enim

634 1238 899 1305 cuiquam
954 1239 1134 1306 magis
1196 1248 1280 1291 est
1334 1240 1543 1302 cordi),
1599 1240 1699 1291 sed
1760 1239 1968 1306 potiuS,
2024 1246 2085 1290 ut
2138 1238 2260 1289 reli-

632 1323 955 1391 giosissimo
1014 1325 1243 1392 praesidi
1282 1343 1403 1392 pro
1462 1343 1564 1378 suo
1623 1325 1825 1377 merito
1882 1324 2108 1376 laudem
2165 1322 2260 1375 tri-

629 1410 765 1462 buat
820 1418 875 1462 et
928 1411 1199 1478 gratiam:
1268 1412 1476 1479 quippe
1536 1429 1665 1463 cum
1727 1419 2027 1479 tantopere
2088 1409 2261 1462 chris-

628 1496 799 1548 tianae
865 1497 943 1547 rei
1009 1497 1286 1560 consulat,
1363 1506 1480 1550 tam
1559 1498 1795 1550 sollicite
1869 1515 1971 1566 pro
2046 1496 2260 1550 Christi

626 1585 863 1636 excubet
910 1603 1094 1652 grege,
1142 1603 1211 1636 ne
1255 1586 1390 1652 quid
1437 1587 1508 1636 ab
1555 1585 1799 1636 ethnicis
1841 1585 1988 1652 lupis
2032 1593 2259 1652 raptum

626 1671 884 1722 intereat.
946 1672 1033 1722 Tu
1080 1690 1213 1723 vero
1261 1673 1454 1739 utique
1501 1673 1572 1723 ad
1619 1689 1749 1723 eum
1798 1672 2011 1723 scribas
2058 1671 2255 1722 velim:

624 1766 752 1809 tuas
817 1759 965 1810 enim
1034 1759 1110 1809 illi
1175 1759 1393 1811 litteras
1478 1759 1859 1827 perjucundas
1926 1757 2043 1809 fore
2109 1764 2263 1809 certo

626 1845 760 1896 sciO.
831 1846 1011 1897 Simul
1079 1848 1264 1897 Deum
1330 1865 1432 1914 pro
1498 1865 1564 1898 eo
1624 1865 1735 1898 una
1800 1864 1929 1898 cum
1996 1845 2257 1897 universa

628 1932 913 1983 Societate
988 1933 1399 2000 deprecaberis,
1468 1940 1527 1984 ut
1599 1933 1849 1984 divinam
1932 1931 2010 1982 illi
2091 1948 2258 1998 opem

628 2019 934 2086 impertiat,
1003 2028 1056 2072 et
1127 2020 1607 2088 perseverantiam
1680 2020 1735 2071 in
1806 2019 1948 2071 bene
2023 2016 2256 2085 coeptis;

629 2123 741 2157 non
796 2106 945 2158 enim
1001 2107 1094 2174 qui
1148 2108 1290 2159 bene
1346 2106 1600 2174 coeperit,
1665 2107 1762 2158 sed
1824 2106 1915 2174 qui
1966 2111 2262 2175 persevera-

630 2194 758 2245 verit
825 2215 978 2263 usque
1045 2197 1102 2246 in
1157 2198 1338 2263 finem,
1394 2198 1475 2246 hic
1526 2198 1698 2246 salvus
1750 2197 1865 2245 erit.
1951 2197 2077 2263 Ego
2132 2210 2265 2245 vero

632 2282 853 2332 infinita
909 2284 1013 2333 Dei
1061 2284 1429 2351 benignitate,
1479 2291 1534 2335 et
1582 2283 1748 2334 simul
1795 2282 1925 2343 tuiS‚
1974 2282 2266 2348 totiusque

638 2369 941 2421 Societatis
1000 2370 1291 2421 sacrificiis
1344 2387 1409 2421 ac
1467 2369 1728 2437 precibus
1787 2368 1980 2430 fretuS,
2041 2366 2267 2419 confido

636 2456 771 2517 fore,
798 2465 871 2510 rut
911 2456 955 2507 si
996 2457 1050 2507 in
1090 2456 1195 2509 hac
1231 2457 1347 2509 vita
1387 2475 1500 2508 non
1538 2457 1775 2518 licuerit,
1816 2465 1966 2507 certe
2005 2455 2060 2506 in
2098 2455 2266 2505 beata

636 2544 745 2605 illa,
801 2546 964 2615 longe
1020 2548 1233 2614 majore
1297 2565 1424 2598 cum
1488 2544 1713 2612 gaudio,
1770 2562 1873 2594 nos
1935 2542 2266 2593 revisamus.

709 2677 760 2711 V.
814 2661 935 2711 Kal.
988 2662 1267 2710 Novemb.
1323 2662 1489 2709 Anno
1542 2659 1859 2709 MDXLII.

783 2772 941 2823 Tuus
995 2771 1050 2822 in
1108 2771 1337 2823 Christo
1395 2769 1589 2830 Filius,

1437 2887 1816 2937 FRANCIscus
1860 2884 2195 2935 XAVERIUS.

1080 3050 1130 3054 ⁷⁷⁷⁷⁷
1146 3032 1661 3061 mua—‘Nm
1718 3045 1798 3048 *ff-
1841 3044 1860 3046 *A
