2692 3907
773 361 807 412 4
1218 358 1401 395 LIBER
1443 359 1480 394 Ι.
1502 373 1575 379 -
1596 358 1891 395 EPISTOLA
1932 359 1970 394 1.

774 486 927 541 Patri
998 489 1148 540 Vear
1210 487 1484 555 praeibam
1549 487 1742 540 animo
1806 486 2088 550 videlicet,
2155 503 2255 555 per
2319 503 2410 539 me

773 572 1109 641 intelligenS,
1179 590 1246 626 ex
1316 580 1454 627 nota
1521 573 1661 626 mihi
1734 572 2128 641 magnitudine
2199 571 2412 626 amoris

772 679 906 728 erga
958 679 1049 711 me
1100 659 1202 722 tui,
1256 659 1376 712 fieri
1433 680 1548 711 non
1600 679 1769 727 posse
1826 660 1964 727 quin
2016 658 2141 727 haec
2202 658 2411 726 impro-

768 748 844 800 ba
895 742 1107 799 delatio
1158 765 1256 799 cor
1304 747 1409 798 tibi
1461 747 1690 816 penitus
1742 742 2249 799 convulneraverit.

846 834 1080 897 Verum,
1148 833 1419 903 quoniam
1483 833 1656 887 iidem
1722 832 1981 887 scelerati
2028 826 2412 903 vsycophantae

772 920 1066 973 hominem
1134 920 1390 973 omnium
1452 914 1986 973 innocentissimum
2048 938 2115 973 ac
2176 921 2412 974 sanctis-

771 1008 981 1061 simum
1037 1009 1108 1060 D.
1166 1008 1505 1076 Magistrum
1562 1008 1849 1076 Ignatium
1897 1008 1954 1060 in
1994 1008 2256 1061 eamdem
2298 1026 2412 1061 me-

770 1113 901 1148 cum
966 1094 1425 1147 criminationem
1491 1094 1775 1147 involvere
1840 1113 1955 1146 non
2030 1103 2162 1148 sunt
2227 1094 2410 1157 veriti,

771 1182 880 1235 hoc
953 1182 1202 1250 primum
1268 1189 1668 1250 argumentum
1733 1181 1836 1233 tibi
1902 1181 1975 1234 sit
2036 1181 2170 1234 vitae
2234 1181 2413 1250 ipsius

771 1268 1076 1336 inculpatae
1156 1286 1496 1335 morumque
1576 1266 1946 1335 optimorum,
2029 1268 2183 1336 quod
2263 1267 2412 1320 ultro

767 1365 825 1409 te
902 1357 950 1408 is
1028 1355 1270 1407 sustinet
1336 1355 1493 1406 domi
1557 1364 1671 1407 tuae
1738 1355 2059 1419 convenire,
2139 1364 2196 1407 et
2261 1354 2411 1408 hanc

770 1463 803 1498 a
877 1461 968 1497 me
1043 1444 1114 1496 ad
1190 1443 1245 1496 id
1321 1450 1619 1510 acceptam
1694 1442 1995 1511 epistolam
2061 1442 2164 1496 tibi
2229 1442 2410 1511 priva-

765 1530 871 1583 tim
937 1530 1095 1582 adito
1158 1530 1424 1587 reddere:
1492 1548 1676 1599 neque
1742 1529 1894 1581 enim
1964 1529 2009 1581 si
2067 1528 2199 1582 talis
2259 1537 2410 1583 esset

769 1618 995 1686 qualem
1050 1619 1296 1669 mendax
1349 1617 1649 1669 calumniae
1702 1617 1999 1685 penicillus
2052 1616 2410 1680 deformavit,

769 1720 836 1756 ac
903 1702 1011 1756 nisi
1078 1709 1295 1766 contra,
1365 1702 1700 1756 rectissimae
1770 1702 2136 1756 conscientiae
2204 1702 2413 1756 fiducia

769 1789 985 1858 ingenti
1039 1789 1331 1851 niteretur,
1387 1788 1582 1858 utique
1636 1788 2041 1852 committeret,
2096 1797 2158 1841 ut
2211 1788 2269 1840 in
2321 1808 2411 1840 eo-

769 1894 894 1928 rum
948 1893 1008 1928 se
1061 1876 1337 1929 inermem
1404 1884 1459 1929 et
1526 1877 1710 1929 solum
1774 1877 2003 1944 plenam
2063 1884 2411 1945 potestatem

768 1964 948 2025 daret,
1015 1982 1158 2032 quos
1222 1973 1278 2015 et
1332 1983 1391 2015 se
1455 1964 1789 2033 gravissime
1827 1964 2067 2016 ‚laesisse
2122 1965 2411 2017 meminis-

768 2058 873 2113 set,
940 2058 996 2103 et
1037 2051 1146 2104 hoc
1187 2052 1326 2120 ipsis
1366 2069 1480 2104 non
1525 2052 1811 2120 ignoraret
1852 2069 1976 2104 esse
2028 2059 2411 2120 perspectum.

848 2139 1156 2202 Caeterum,
1200 2148 1261 2192 ut
1304 2139 1727 2192 malevolorum·
1773 2139 2287 2193 obtrectationibus
2331 2160 2412 2193 re-

766 2227 953 2296 jectis,
1023 2228 1239 2297 liquido
1312 2229 1611 2298 intelliga5‚
1692 2229 1923 2281 domine
1985 2229 2081 2293 mi,
2151 2246 2217 2282 ac
2294 2248 2413 2299 ger-

775 2332 942 2366 mane
1011 2315 1194 2382 major
1260 2315 1416 2367 omni
1485 2315 1849 2384 observantia
1915 2315 2169 2379 colende,
2241 2335 2413 2385 quam

774 2400 981 2468 insigni
1043 2401 1150 2452 Dei
1215 2402 1449 2452 Domini
1509 2402 1689 2453 nostri
1749 2402 2026 2453 beneficio
2079 2402 2219 2453 mihi
2282 2422 2413 2455 con-

772 2487 963 2555 tigerit
1043 2488 1293 2539 incidere
1367 2488 1424 2538 in
1505 2488 1769 2539 notitiam
1845 2497 1901 2540 et
1967 2488 2413 2542 familiaritatem

774 2572 943 2641 hujus
1007 2573 1184 2642 ipsius
1253 2573 1456 2641 optimi
1521 2573 1624 2625 viri
1695 2575 1766 2625 D.
1842 2574 2103 2643 Magistri
2176 2576 2199 2626 Ι
2319 2575 2412 2637 tii;

775 2678 845 2711 en
899 2677 1004 2729 ego
1066 2679 1133 2712 ex
1185 2661 1361 2712 animi
1425 2661 1535 2712 mei
1590 2661 1891 2724 sententia,
1955 2661 2043 2713 his
2094 2662 2247 2715 velut
2310 2681 2366 2720 ri,

719 2746 1089 2821 Zobsignatis
1145 2747 1372 2809 tabulis,
1432 2748 1693 2815 religiosa
1750 2747 2065 2800 testimonii
2118 2749 2230 2802 fide
2288 2767 2354 2818 pr
2397 2781 2414 2790 -

774 2834 956 2896 fiteor,
1018 2833 1184 2902 longe
1228 2834 1446 2902 majora
1498 2834 1619 2902 ejus
1672 2842 1892 2887 exstare
1936 2834 2141 2887 merita
2192 2835 2249 2887 in
2303 2856 2412 2899 me,

776 2940 949 2990 quam
1002 2922 1207 2990 quibus
1258 2922 1346 2975 vel
1396 2923 1528 2976 vitae
1581 2923 1759 2976 totius
1812 2942 1954 2976 meae
2008 2924 2302 2977 addict'ssi
2370 2924 2417 2977 is

775 3009 1064 3078 obsequiis
1134 3010 1184 3061 ei
1262 3010 1606 3073 satisfacere,
1679 3019 1776 3062 aut
1853 3010 2043 3081 aliqua
2113 3031 2180 3063 ex
2250 3020 2414 3081 parte

778 3098 1122 3165 respondere
1185 3116 1410 3167 queam.
2232 3083 2235 3087 -
