2815 3911
570 541 645 626 S.
704 542 1184 657 rnAmclsel
1235 542 1625 629 XAVERII

423 738 1599 899 EPISTOLARU
1639 785 1756 896 M

766 1061 1024 1141 LIBER
1065 1060 1418 1187 pmmus.

801 1552 1286 1615 EPISTOLA
1337 1553 1392 1615 I.
1484 1607 1486 1609 ,

343 1720 429 1781 D.
479 1717 885 1799 Capitaneo
932 1718 1407 1799 Azpilcuetae,
1456 1719 1660 1782 fratri
1707 1738 1843 1782 suo

741 1815 1022 1897 majori,
1080 1817 1444 1880 Obanum.

351 1988 419 2040 Se
474 1988 612 2057 apud
646 1987 871 2056 fratrem
911 2005 1059 2040 suum
1092 1993 1305 2057 purgat,
1361 2006 1575 2057 eumque
1597 1974 1608 1986 ’
1641 1988 1909 2041 demulcet.

278 2073 456 2126 Multa
504 2074 564 2126 de
609 2075 675 2126 P.
737 2074 893 2127 Vear.
947 2074 1272 2144 Magistrum
1321 2075 1356 2128 I
1352 2074 1600 2145 gnatium
1655 2074 1909 2138 vindicat,
1968 2083 1971 2086 ’

285 2162 481 2224 laudat,
522 2162 859 2214 commendat.
901 2163 1101 2214 Suadet
1161 2169 1219 2214 ut
1255 2181 1358 2215 suae
1403 2163 1634 2215 levandae
1677 2163 1912 2232 penuriae

283 2248 489 2317 Ignatii
539 2254 719 2301 utatur
769 2253 937 2318 opera.
990 2249 1075 2302 De
1126 2249 1421 2303 consobrini
1458 2249 1601 2320 fuga
1651 2256 1698 2303 et
1752 2249 1912 2303 mori-

284 2334 389 2389 bus.
456 2334 500 2389 C
507 2334 713 2389 lausula
770 2334 1013 2405 officiosa.

479 2505 690 2542 ULTIS
754 2491 860 2541 viis
927 2500 1060 2543 ante
1124 2492 1230 2542 hos
1299 2509 1414 2542 non
1483 2492 1694 2543 multos
1760 2499 1913 2543 retro

504 2578 625 2629 dies
677 2578 875 2645 scripsi
927 2580 999 2629 ad
1050 2587 1126 2639 te,
1181 2579 1430 2641 domine,
1493 2579 1759 2646 gravibus
1820 2598 1912 2630 me

282 2660 352 2714 ad
404 2660 461 2716 id
513 2662 934 2734 impellentibus
986 2660 1190 2728 chusiS,
1249 2683 1489 2733 quarum
1541 2663 1725 2734 prima
1769 2682 1911 2732 prae-

283 2745 559 2819 eipuaque
648 2748 752 2805 fuit
840 2749 1087 2805 officium
1177 2767 1290 2820 quo
1378 2749 1482 2805 tibi
1571 2748 1913 2820 obstringor,

281 2838 402 2888 tum
448 2836 679 2906 pietatis
730 2836 1096 2890 veneratione
1142 2837 1483 2907 conjunctae,
1532 2836 1759 2907 qualem
1805 2835 1911 2889 fra-

283 2927 383 2984 ter,
437 2932 499 2975 ut
554 2942 659 2993 ego
718 2942 862 2987 sum,
920 2924 1107 2975 minor
1161 2924 1363 2992 majori
1422 2932 1478 2976 et
1531 2923 1914 2992 primogenito

281 3023 569 3074 germano,
628 3011 942 3064 secundum
999 3018 1300 3080 parentum
1355 3011 1672 3074 caritatem,
1736 3008 1912 3081 maxi-

283 3110 433 3149 mam
502 3098 701 3162 debeO,
765 3106 889 3152 tum
955 3098 1100 3167 grati
1170 3098 1394 3162 animi‚-
1433 3105 1665 3167 propter
1734 3096 1915 3151 multa

1714 3212 1733 3253 Ι
