2692 3907
604 356 708 407 216
999 369 1181 407 LIBER
1223 370 1308 407 III.
1331 385 1403 390 —-
1425 369 1718 406 EPISTOLA
1756 369 1834 406 VI.

604 500 790 553 divina
841 499 1098 552 voluntate
1151 507 1298 569 atque
1344 502 1547 552 auxilio
1589 501 1746 569 plane
1792 507 1972 553 certus.
2026 502 2108 552 De
2153 520 2229 552 so-

605 588 700 639 ciis
764 587 1234 649 Comorinensibus,
1294 587 1511 657 aliisque
1563 606 1585 639 ε
1638 588 1923 639 Lusitania
1984 588 2229 640 venturis,

681 749 882 801 Gratia
943 757 997 801 et
1061 767 1221 800 amor
1287 749 1519 801 Domini
1583 749 1759 801 nostri
1822 751 1957 820 Jesu
2018 749 2231 803 Christi

605 835 752 887 adsit
808 836 970 886 nobis
1025 853 1247 903 semper
1300 835 1505 887 auxilio
1563 843 1617 887 et
1671 835 1887 888 favore!
1956 836 2156 888 Amen.

705 1010 1150 1046 AFANAPATANIA
1217 994 1500 1061 expeditio
1568 996 1639 1046 ad
1707 995 1943 1047 nihilum
2013 995 2231 1048 recidit.
2532 936 2672 1072 33:55.

745 1079 944 1145 Itaque
1006 1076 1061 1127 in
1127 1094 1359 1143 regnum
1415 1094 1575 1127 suum
1632 1094 1745 1126 non
1799 1081 1884 1128 e'st
1937 1076 2233 1127 restitutus
2540 1117 2669 1155 van

608 1180 703 1216 rex
756 1161 863 1224 ille,
920 1160 1014 1229 qui
1066 1160 1349 1229 pollicitus
1400 1170 1519 1213 erat
1569 1160 1686 1213 fore
1733 1180 1792 1213 se
1839 1162 2230 1215 christianum.
2545 1190 2598 1240 in
2656 1201 2681 1234 5

609 1251 818 1302 Totam
881 1267 999 1299 rem
1054 1266 1216 1299 casus
1274 1248 1586 1315 impedivit.
1644 1248 1819 1300 Navis
1871 1248 2016 1317 regis
2070 1249 2232 1301 Lusi·
2548 1275 2671 1324 bere

608 1335 797 1396 taniae,
852 1353 881 1386 e
933 1352 1105 1400 regno
1151 1334 1415 1400 Peguano
1470 1334 1749 1385 mercibus
1802 1342 2023 1396 onusta,
2080 1334 2230 1386 Indi·
2554 1371 2653 1426 que

607 1439 700 1472 am
774 1428 1053 1489 repetenS,
1126 1419 1180 1471 vi
1253 1419 1613 1487 tempestatis
1678 1419 1735 1471 in
1806 1419 2230 1491 Jafanapatanii
2560 1456 2689 1510 gene

607 1507 762 1574 regni
824 1508 963 1557 fines
1026 1506 1262 1572 appulsa
1323 1514 1436 1566 est3
1503 1507 1622 1572 ejus
1686 1524 1900 1557 merces
1955 1507 2231 1558 vcontinuo
2560 1537 2616 1580 ta
2675 1539 2692 1573 ς

606 1612 701 1645 rex
777 1591 999 1643 invasit.
1082 1591 1298 1643 Placuit
1379 1591 1686 1652 LusitaniS,
1761 1592 1945 1658 quoad
2019 1592 2229 1644 amissa
2566 1614 2692 1669 loco,

608 1684 1052 1744 recuperassent,
1106 1675 1251 1727 bello
1298 1676 1668 1744 supersederi.
1720 1679 1809 1729 Ita
1854 1677 2066 1729 factum
2114 1695 2227 1730 non
2573 1699 2692 1750 rit01

607 1773 710 1827 est,
775 1764 926 1833 quod
987 1772 1195 1832 praetor
1256 1763 1374 1815 fieri
1428 1764 1699 1832 jusserat3
1754 1782 1947 1817 verum
2001 1764 2046 1816 si
2101 1765 2228 1817 Deo
2644 1783 2684 1833 p

608 1853 762 1905 cordi
815 1852 937 1914 erit,
995 1851 1110 1902 fiet.
2582 1884 2692 1937 quo·

679 1940 1048 2005 Negapatane
1100 1936 1217 1988 sedi
1272 1936 1485 2005 aliquot
1540 1937 1685 1989 dies:
1742 1937 1971 1989 demum
2016 1944 2225 1990 ventus
2587 1971 2668 2006 335

607 2025 910 2078 reversioni
975 2025 1242 2077 adversus
1308 2041 1497 2076 meum
1564 2024 1667 2076 iter
1730 2023 1949 2076 avertit.
2025 2026 2225 2094 Itaque
2590 2059 2692 2110 qua

607 2131 739 2167 casu
803 2113 858 2164 in
920 2110 1216 2164 consilium
1278 2129 1458 2174 verSO,
1526 2112 1739 2163 contuli
1802 2130 1891 2165 me
1948 2113 2018 2165 ad
2073 2113 2230 2182 oppi-
2596 2130 2692 2181 Mo*

606 2203 740 2254 dum
809 2203 864 2252 S.
930 2199 1186 2251 Thomae.
1257 2203 1322 2250 In
1389 2201 1748 2252 sanctissima
1815 2200 1906 2252 illa
1971 2200 2227 2268 Apostoli
2598 2233 2692 2269 arm

608 2290 727 2342 aede
791 2287 1032 2340 assiduis
1095 2286 1354 2354 precibus
1418 2286 1713 2338 obsecrare
1779 2286 1957 2339 institi
2022 2289 2232 2351 Deum,
2604 2301 2692 2354 sed

608 2383 668 2429 ut
744 2374 880 2427 mihi
955 2374 1303 2426 voluntatem
1383 2374 1625 2441 aperiret
1700 2392 1878 2435 suam,
1955 2375 2043 2426 cui
2118 2393 2233 2426 non
2676 2389 2692 2437 ]

616 2464 828 2524 deesse,
882 2461 1053 2513 fixum
1101 2477 1166 2512 ac
1212 2459 1581 2512 deliberatum
1629 2458 1913 2512 haberem.
1970 2462 2233 2514 Confide-
2612 2492 2692 2541 ΡΘ]

616 2550 746 2601 bam
801 2547 1011 2600 scilicet
1064 2546 1197 2610 fore,
1252 2555 1312 2599 ut
1364 2548 1454 2615 qui
1503 2548 1643 2599 dedit
1695 2548 1836 2611 velle,
1884 2549 2029 2601 daret
2073 2549 2232 2601 etiam
2614 2568 2692 2612 tas

609 2637 847 2707 perficere
877 2645 909 2686 1.
976 2636 1086 2687 Hic
1148 2635 1316 2703 igitur
1377 2635 1465 2686 ille
1526 2652 1628 2702 pro
1691 2652 1792 2687 sua
1849 2635 2018 2687 insita
2070 2635 2234 2707 mise·
2620 2663 2692 2713 po·

622 2724 861 2778 ricordia
922 2723 1248 2775 recordatus
1308 2730 1392 2773 est
1457 2722 1584 2772 mei.
1650 2724 1859 2792 Magna
1916 2724 2065 2776 enim
2119 2724 2235 2777 ani·
2625 2741 2692 2782 051

625 2811 699 2863 mi
761 2810 957 2863 laetitia
1018 2802 1290 2877 perfusus,
1345 2811 1483 2861 velle
1539 2813 1724 2862 Deum
1778 2811 1944 2872 sensi,
2001 2819 2060 2862 ut
2118 2812 2235 2861 Ma·
2517 2838 2519 2840 v
2629 2831 2692 2870 esi

623 2898 855 2960 laccam,
928 2897 1056 2949 inde
1125 2895 1499 2948 Macazariam
1565 2905 1834 2964 peterem,
1902 2897 1995 2949 ubi
2061 2915 2239 2967 nuper
2635 2905 2673 2956 si

624 2985 900 3053 indigenae
963 2984 1031 3035 ad
1098 2983 1388 3035 Christum
1451 3002 1509 3035 se
1562 2985 1938 3052 adjunxerunt
1992 2984 2236 3053 plurimi,
2636 3009 2692 3058 pt

2643 3095 2692 3130 m

673 3133 701 3166 i.
719 3131 886 3173 Philipp.
903 3132 954 3164 Π.
974 3133 1023 3167 13.
