<?xml version="1.0" encoding="UTF-8"?>
<!DOCTYPE html PUBLIC "-//W3C//DTD XHTML 1.0 Transitional//EN"
    "http://www.w3.org/TR/xhtml1/DTD/xhtml1-transitional.dtd">
<html xmlns="http://www.w3.org/1999/xhtml" xml:lang="en" lang="en">
 <head>
  <title>
</title>
<meta http-equiv="Content-Type" content="text/html;charset=utf-8" />
  <meta name='ocr-system' content='tesseract 3.04.00' />
  <meta name='ocr-capabilities' content='ocr_page ocr_carea ocr_par ocr_line ocrx_word'/>
</head>
<body>
  <div class='ocr_page' id='page_1' title='image "./pts_epistolae_3720-0638_v1_0446.png"; bbox 0 0 2815 3911; ppageno 0'>
   <div class='ocr_carea' id='block_1_1' title="bbox 750 512 1490 574">
    <p class='ocr_par' dir='ltr' id='par_1_1' title="bbox 750 512 1490 574">
     <span class='ocr_line' id='line_1_1' title="bbox 750 512 1490 574; baseline 0.001 -2"><span class='ocrx_word' id='word_1_1' title='bbox 750 512 968 573; x_wconf 82' lang='lat' dir='ltr'><em>EPJS</em></span> <span class='ocrx_word' id='word_1_2' title='bbox 979 513 1042 572; x_wconf 83' lang='lat' dir='ltr'><em>T</em></span> <span class='ocrx_word' id='word_1_3' title='bbox 1045 512 1230 574; x_wconf 80' lang='lat' dir='ltr'><em>OLA</em></span> <span class='ocrx_word' id='word_1_4' title='bbox 1343 512 1490 573; x_wconf 74' lang='lat' dir='ltr'><em>VII.</em></span> 
     </span>
    </p>
   </div>
   <div class='ocr_carea' id='block_1_2' title="bbox 406 714 1821 791">
    <p class='ocr_par' dir='ltr' id='par_1_2' title="bbox 406 714 1821 791">
     <span class='ocr_line' id='line_1_2' title="bbox 406 714 1821 791; baseline -0.001 -15"><span class='ocrx_word' id='word_1_5' title='bbox 406 716 483 776; x_wconf 89' lang='lat' dir='ltr'><em>P.</em></span> <span class='ocrx_word' id='word_1_6' title='bbox 535 715 768 777; x_wconf 90' lang='lat' dir='ltr'><em>Paulo</em></span> <span class='ocrx_word' id='word_1_7' title='bbox 817 715 1150 779; x_wconf 43' lang='lat' dir='ltr'><em>Camerti*</em></span> <span class='ocrx_word' id='word_1_8' title='bbox 1188 715 1579 779; x_wconf 88' lang='lat' dir='ltr'><em>Societatis</em></span> <span class='ocrx_word' id='word_1_9' title='bbox 1622 714 1821 791; x_wconf 86' lang='lat' dir='ltr'><em>Jesu,</em></span> 
     </span>
    </p>
   </div>
   <div class='ocr_carea' id='block_1_3' title="bbox 679 860 1633 944">
    <p class='ocr_par' dir='ltr' id='par_1_3' title="bbox 679 860 1633 944">
     <span class='ocr_line' id='line_1_3' title="bbox 679 860 1633 944; baseline -0.002 -20"><span class='ocrx_word' id='word_1_10' title='bbox 679 865 974 926; x_wconf 86' lang='lat' dir='ltr'><em>Rectori</em></span> <span class='ocrx_word' id='word_1_11' title='bbox 1022 864 1326 944; x_wconf 81' lang='lat' dir='ltr'><em>collegii</em></span> <span class='ocrx_word' id='word_1_12' title='bbox 1374 860 1633 923; x_wconf 87' lang='lat' dir='ltr'><em>Goani.</em></span> 
     </span>
    </p>
   </div>
   <div class='ocr_carea' id='block_1_4' title="bbox 294 1064 1931 1548">
    <p class='ocr_par' dir='ltr' id='par_1_4' title="bbox 294 1064 1931 1548">
     <span class='ocr_line' id='line_1_4' title="bbox 367 1064 1931 1132; baseline 0.002 -17"><span class='ocrx_word' id='word_1_13' title='bbox 367 1064 604 1132; x_wconf 81' lang='lat' dir='ltr'><em>Regendi</em></span> <span class='ocrx_word' id='word_1_14' title='bbox 631 1064 831 1131; x_wconf 81' lang='lat' dir='ltr'><em>finibus</em></span> <span class='ocrx_word' id='word_1_15' title='bbox 869 1065 1099 1116; x_wconf 76' lang='lat' dir='ltr'><em>Paulum</em></span> <span class='ocrx_word' id='word_1_16' title='bbox 1138 1066 1274 1117; x_wconf 71' lang='lat' dir='ltr'><em>inter</em></span> <span class='ocrx_word' id='word_1_17' title='bbox 1311 1071 1357 1118; x_wconf 76' lang='lat' dir='ltr'><em>et</em></span> <span class='ocrx_word' id='word_1_18' title='bbox 1397 1066 1694 1118; x_wconf 78' lang='lat' dir='ltr'><em>Antonium</em></span> <span class='ocrx_word' id='word_1_19' title='bbox 1736 1066 1931 1118; x_wconf 82' lang='lat' dir='ltr'><em>Gomez</em></span> 
     </span>
     <span class='ocr_line' id='line_1_5' title="bbox 294 1150 1929 1220; baseline 0.002 -20"><span class='ocrx_word' id='word_1_20' title='bbox 294 1150 598 1213; x_wconf 75' lang='lat' dir='ltr'><em>constitutis,</em></span> <span class='ocrx_word' id='word_1_21' title='bbox 644 1156 879 1201; x_wconf 73' lang='lat' dir='ltr'><em>mutuam</em></span> <span class='ocrx_word' id='word_1_22' title='bbox 912 1157 1092 1220; x_wconf 73' lang='lat' dir='ltr'><em>paceni</em></span> <span class='ocrx_word' id='word_1_23' title='bbox 1128 1152 1372 1214; x_wconf 74' lang='lat' dir='ltr'><em>inculcat,</em></span> <span class='ocrx_word' id='word_1_24' title='bbox 1417 1153 1707 1214; x_wconf 76' lang='lat' dir='ltr'><em>caritatem,</em></span> <span class='ocrx_word' id='word_1_25' title='bbox 1755 1152 1929 1203; x_wconf 83' lang='lat' dir='ltr'><em>suavi·</em></span> 
     </span>
     <span class='ocr_line' id='line_1_6' title="bbox 296 1237 1931 1308; baseline 0.002 -22"><span class='ocrx_word' id='word_1_26' title='bbox 296 1241 468 1298; x_wconf 73' lang='lat' dir='ltr'><em>tatem,</em></span> <span class='ocrx_word' id='word_1_27' title='bbox 515 1237 838 1288; x_wconf 77' lang='lat' dir='ltr'><em>sedulitatem</em></span> <span class='ocrx_word' id='word_1_28' title='bbox 883 1238 940 1288; x_wconf 88' lang='lat' dir='ltr'><em>in</em></span> <span class='ocrx_word' id='word_1_29' title='bbox 993 1256 1161 1290; x_wconf 81' lang='lat' dir='ltr'><em>omnes</em></span> <span class='ocrx_word' id='word_1_30' title='bbox 1199 1240 1489 1308; x_wconf 66' lang='lat' dir='ltr'><em>praesertim</em></span> <span class='ocrx_word' id='word_1_31' title='bbox 1540 1239 1931 1291; x_wconf 76' lang='lat' dir='ltr'><em>missionarios:</em></span> 
     </span>
     <span class='ocr_line' id='line_1_7' title="bbox 295 1322 1931 1391; baseline 0.001 -18"><span class='ocrx_word' id='word_1_32' title='bbox 295 1322 504 1374; x_wconf 71' lang='lat' dir='ltr'><em>virtutis</em></span> <span class='ocrx_word' id='word_1_33' title='bbox 567 1323 797 1374; x_wconf 77' lang='lat' dir='ltr'><em>studium</em></span> <span class='ocrx_word' id='word_1_34' title='bbox 860 1324 1143 1391; x_wconf 70' lang='lat' dir='ltr'><em>relegendis</em></span> <span class='ocrx_word' id='word_1_35' title='bbox 1198 1325 1476 1387; x_wconf 77' lang='lat' dir='ltr'><em>mandatis,</em></span> <span class='ocrx_word' id='word_1_36' title='bbox 1532 1330 1578 1376; x_wconf 76' lang='lat' dir='ltr'><em>et</em></span> <span class='ocrx_word' id='word_1_37' title='bbox 1636 1324 1931 1376; x_wconf 72' lang='lat' dir='ltr'><em>litterarum</em></span> 
     </span>
     <span class='ocr_line' id='line_1_8' title="bbox 294 1408 1931 1478; baseline 0.001 -20"><span class='ocrx_word' id='word_1_38' title='bbox 294 1408 687 1467; x_wconf 69' lang='lat' dir='ltr'><em>coininereiuzn;</em></span> <span class='ocrx_word' id='word_1_39' title='bbox 735 1409 794 1459; x_wconf 88' lang='lat' dir='ltr'><em>de</em></span> <span class='ocrx_word' id='word_1_40' title='bbox 838 1410 987 1461; x_wconf 85' lang='lat' dir='ltr'><em>sociis</em></span> <span class='ocrx_word' id='word_1_41' title='bbox 1034 1416 1307 1478; x_wconf 69' lang='lat' dir='ltr'><em>opportune</em></span> <span class='ocrx_word' id='word_1_42' title='bbox 1347 1410 1715 1478; x_wconf 68' lang='lat' dir='ltr'><em>dispergendis,</em></span> <span class='ocrx_word' id='word_1_43' title='bbox 1769 1415 1815 1461; x_wconf 77' lang='lat' dir='ltr'><em>et</em></span> <span class='ocrx_word' id='word_1_44' title='bbox 1866 1410 1931 1460; x_wconf 83' lang='lat' dir='ltr'><em>ab</em></span> 
     </span>
     <span class='ocr_line' id='line_1_9' title="bbox 294 1495 1297 1548; baseline 0.005 -5"><span class='ocrx_word' id='word_1_45' title='bbox 294 1495 601 1546; x_wconf 77' lang='lat' dir='ltr'><em>stationibus</em></span> <span class='ocrx_word' id='word_1_46' title='bbox 654 1496 803 1547; x_wconf 86' lang='lat' dir='ltr'><em>sociis</em></span> <span class='ocrx_word' id='word_1_47' title='bbox 854 1515 958 1546; x_wconf 84' lang='lat' dir='ltr'><em>non</em></span> <span class='ocrx_word' id='word_1_48' title='bbox 1010 1498 1297 1548; x_wconf 78' lang='lat' dir='ltr'><em>evocandis.</em></span> 
     </span>
    </p>
   </div>
   <div class='ocr_carea' id='block_1_5' title="bbox 294 1645 1931 3188">
    <p class='ocr_par' dir='ltr' id='par_1_5' title="bbox 461 1645 1929 1715">
     <span class='ocr_line' id='line_1_10' title="bbox 461 1645 1929 1715; baseline 0 -19"><span class='ocrx_word' id='word_1_49' title='bbox 461 1658 892 1704; x_wconf 12' lang='lat' dir='ltr'>RVOFICISCE</span> <span class='ocrx_word' id='word_1_50' title='bbox 914 1660 950 1697; x_wconf 88' lang='lat' dir='ltr'>N</span> <span class='ocrx_word' id='word_1_51' title='bbox 974 1660 1000 1696; x_wconf 87' lang='lat' dir='ltr'><em>s</em></span> <span class='ocrx_word' id='word_1_52' title='bbox 1042 1646 1097 1696; x_wconf 92' lang='lat' dir='ltr'><em>in</em></span> <span class='ocrx_word' id='word_1_53' title='bbox 1137 1647 1461 1715; x_wconf 89' lang='lat' dir='ltr'><em>Japoniam,</em></span> <span class='ocrx_word' id='word_1_54' title='bbox 1492 1653 1548 1698; x_wconf 88' lang='lat' dir='ltr'><em>te</em></span> <span class='ocrx_word' id='word_1_55' title='bbox 1579 1647 1785 1697; x_wconf 89' lang='lat' dir='ltr'><em>Goano</em></span> <span class='ocrx_word' id='word_1_56' title='bbox 1819 1645 1929 1697; x_wconf 83' lang='lat' dir='ltr'><em>col-</em></span> 
     </span>
    </p>

    <p class='ocr_par' dir='ltr' id='par_1_6' title="bbox 294 1730 1931 3188">
     <span class='ocr_line' id='line_1_11' title="bbox 476 1730 1928 1797; baseline 0.001 -17"><span class='ocrx_word' id='word_1_57' title='bbox 476 1730 621 1796; x_wconf 83' lang='lat' dir='ltr'><em>legio</em></span> <span class='ocrx_word' id='word_1_58' title='bbox 664 1731 1054 1796; x_wconf 83' lang='lat' dir='ltr'><em>praepositum,</em></span> <span class='ocrx_word' id='word_1_59' title='bbox 1100 1750 1198 1797; x_wconf 91' lang='lat' dir='ltr'><em>per</em></span> <span class='ocrx_word' id='word_1_60' title='bbox 1239 1739 1516 1797; x_wconf 82' lang='lat' dir='ltr'><em>quantum</em></span> <span class='ocrx_word' id='word_1_61' title='bbox 1563 1732 1686 1782; x_wconf 89' lang='lat' dir='ltr'><em>Deo</em></span> <span class='ocrx_word' id='word_1_62' title='bbox 1732 1730 1928 1782; x_wconf 92' lang='lat' dir='ltr'><em>Domi-</em></span> 
     </span>
     <span class='ocr_line' id='line_1_12' title="bbox 298 1817 1929 1885; baseline 0.002 -19"><span class='ocrx_word' id='word_1_63' title='bbox 298 1834 372 1867; x_wconf 94' lang='lat' dir='ltr'><em>no</em></span> <span class='ocrx_word' id='word_1_64' title='bbox 415 1825 613 1869; x_wconf 89' lang='lat' dir='ltr'><em>nostro</em></span> <span class='ocrx_word' id='word_1_65' title='bbox 655 1817 960 1884; x_wconf 79' lang='lat' dir='ltr'><em>gratificari</em></span> <span class='ocrx_word' id='word_1_66' title='bbox 1006 1820 1217 1880; x_wconf 78' lang='lat' dir='ltr'><em>stude5‚</em></span> <span class='ocrx_word' id='word_1_67' title='bbox 1264 1836 1474 1885; x_wconf 78' lang='lat' dir='ltr'><em>perque</em></span> <span class='ocrx_word' id='word_1_68' title='bbox 1517 1835 1771 1869; x_wconf 90' lang='lat' dir='ltr'><em>amorem</em></span> <span class='ocrx_word' id='word_1_69' title='bbox 1816 1834 1929 1885; x_wconf 91' lang='lat' dir='ltr'><em>quo</em></span> 
     </span>
     <span class='ocr_line' id='line_1_13' title="bbox 300 1903 1929 1973; baseline 0.001 -21"><span class='ocrx_word' id='word_1_70' title='bbox 300 1903 359 1953; x_wconf 89' lang='lat' dir='ltr'><em>P.</em></span> <span class='ocrx_word' id='word_1_71' title='bbox 412 1903 698 1970; x_wconf 85' lang='lat' dir='ltr'><em>Ignatium</em></span> <span class='ocrx_word' id='word_1_72' title='bbox 746 1912 802 1955; x_wconf 89' lang='lat' dir='ltr'><em>et</em></span> <span class='ocrx_word' id='word_1_73' title='bbox 847 1906 983 1973; x_wconf 91' lang='lat' dir='ltr'><em>Jesu</em></span> <span class='ocrx_word' id='word_1_74' title='bbox 1034 1904 1381 1956; x_wconf 77' lang='lat' dir='ltr'><em>Societatem</em></span> <span class='ocrx_word' id='word_1_75' title='bbox 1435 1904 1757 1955; x_wconf 88' lang='lat' dir='ltr'><em>universam</em></span> <span class='ocrx_word' id='word_1_76' title='bbox 1811 1920 1929 1954; x_wconf 88' lang='lat' dir='ltr'><em>am-</em></span> 
     </span>
     <span class='ocr_line' id='line_1_14' title="bbox 296 1987 1929 2057; baseline 0.001 -19"><span class='ocrx_word' id='word_1_77' title='bbox 296 1987 576 2055; x_wconf 80' lang='lat' dir='ltr'><em>plecteriS,</em></span> <span class='ocrx_word' id='word_1_78' title='bbox 622 1989 869 2056; x_wconf 89' lang='lat' dir='ltr'><em>primum</em></span> <span class='ocrx_word' id='word_1_79' title='bbox 913 2008 978 2040; x_wconf 84' lang='lat' dir='ltr'><em>ac</em></span> <span class='ocrx_word' id='word_1_80' title='bbox 1023 2008 1191 2057; x_wconf 90' lang='lat' dir='ltr'><em>super</em></span> <span class='ocrx_word' id='word_1_81' title='bbox 1233 1989 1427 2039; x_wconf 89' lang='lat' dir='ltr'><em>omnia</em></span> <span class='ocrx_word' id='word_1_82' title='bbox 1473 1989 1710 2040; x_wconf 82' lang='lat' dir='ltr'><em>obsecro</em></span> <span class='ocrx_word' id='word_1_83' title='bbox 1756 1997 1929 2056; x_wconf 88' lang='lat' dir='ltr'><em>atque</em></span> 
     </span>
     <span class='ocr_line' id='line_1_15' title="bbox 297 2076 1928 2138; baseline 0 -12"><span class='ocrx_word' id='word_1_84' title='bbox 297 2076 569 2138; x_wconf 89' lang='lat' dir='ltr'><em>obtestor,</em></span> <span class='ocrx_word' id='word_1_85' title='bbox 619 2085 678 2127; x_wconf 90' lang='lat' dir='ltr'><em>ut</em></span> <span class='ocrx_word' id='word_1_86' title='bbox 727 2076 921 2126; x_wconf 89' lang='lat' dir='ltr'><em>infima</em></span> <span class='ocrx_word' id='word_1_87' title='bbox 969 2077 1329 2137; x_wconf 86' lang='lat' dir='ltr'><em>demissione,</em></span> <span class='ocrx_word' id='word_1_88' title='bbox 1385 2076 1772 2127; x_wconf 84' lang='lat' dir='ltr'><em>attentissima</em></span> <span class='ocrx_word' id='word_1_89' title='bbox 1825 2077 1928 2127; x_wconf 86' lang='lat' dir='ltr'><em>cir-</em></span> 
     </span>
     <span class='ocr_line' id='line_1_16' title="bbox 296 2161 1930 2228; baseline 0.001 -17"><span class='ocrx_word' id='word_1_90' title='bbox 296 2161 742 2228; x_wconf 85' lang='lat' dir='ltr'><em>cumspectione,</em></span> <span class='ocrx_word' id='word_1_91' title='bbox 798 2180 1021 2212; x_wconf 88' lang='lat' dir='ltr'><em>summa</em></span> <span class='ocrx_word' id='word_1_92' title='bbox 1075 2179 1297 2228; x_wconf 80' lang='lat' dir='ltr'><em>semper</em></span> <span class='ocrx_word' id='word_1_93' title='bbox 1344 2162 1401 2212; x_wconf 92' lang='lat' dir='ltr'><em>in</em></span> <span class='ocrx_word' id='word_1_94' title='bbox 1455 2161 1720 2213; x_wconf 87' lang='lat' dir='ltr'><em>omnibus</em></span> <span class='ocrx_word' id='word_1_95' title='bbox 1772 2161 1930 2213; x_wconf 90' lang='lat' dir='ltr'><em>adhi-</em></span> 
     </span>
     <span class='ocr_line' id='line_1_17' title="bbox 294 2247 1927 2317; baseline 0.001 -19"><span class='ocrx_word' id='word_1_96' title='bbox 294 2247 482 2299; x_wconf 90' lang='lat' dir='ltr'><em>benda</em></span> <span class='ocrx_word' id='word_1_97' title='bbox 523 2248 851 2300; x_wconf 85' lang='lat' dir='ltr'><em>maturitate</em></span> <span class='ocrx_word' id='word_1_98' title='bbox 893 2248 1031 2301; x_wconf 82' lang='lat' dir='ltr'><em>recti</em></span> <span class='ocrx_word' id='word_1_99' title='bbox 1067 2248 1284 2316; x_wconf 84' lang='lat' dir='ltr'><em>judicii,</em></span> <span class='ocrx_word' id='word_1_100' title='bbox 1329 2248 1562 2300; x_wconf 87' lang='lat' dir='ltr'><em>enitaris</em></span> <span class='ocrx_word' id='word_1_101' title='bbox 1604 2248 1927 2317; x_wconf 78' lang='lat' dir='ltr'><em>tranquille,</em></span> 
     </span>
     <span class='ocr_line' id='line_1_18' title="bbox 296 2335 1928 2397; baseline 0.001 -10"><span class='ocrx_word' id='word_1_102' title='bbox 296 2335 673 2397; x_wconf 82' lang='lat' dir='ltr'><em>concorditer,</em></span> <span class='ocrx_word' id='word_1_103' title='bbox 717 2343 978 2388; x_wconf 87' lang='lat' dir='ltr'><em>amanter</em></span> <span class='ocrx_word' id='word_1_104' title='bbox 1017 2335 1203 2387; x_wconf 83' lang='lat' dir='ltr'><em>vivere</em></span> <span class='ocrx_word' id='word_1_105' title='bbox 1245 2354 1374 2388; x_wconf 80' lang='lat' dir='ltr'><em>eum</em></span> <span class='ocrx_word' id='word_1_106' title='bbox 1419 2335 1672 2388; x_wconf 90' lang='lat' dir='ltr'><em>Antonio</em></span> <span class='ocrx_word' id='word_1_107' title='bbox 1718 2336 1928 2388; x_wconf 90' lang='lat' dir='ltr'><em>Gome-</em></span> 
     </span>
     <span class='ocr_line' id='line_1_19' title="bbox 294 2421 1928 2490; baseline 0.001 -18"><span class='ocrx_word' id='word_1_108' title='bbox 294 2421 400 2483; x_wconf 81' lang='lat' dir='ltr'><em>zio,</em></span> <span class='ocrx_word' id='word_1_109' title='bbox 457 2440 700 2489; x_wconf 87' lang='lat' dir='ltr'><em>cumque</em></span> <span class='ocrx_word' id='word_1_110' title='bbox 754 2423 1018 2473; x_wconf 87' lang='lat' dir='ltr'><em>omnibus</em></span> <span class='ocrx_word' id='word_1_111' title='bbox 1073 2423 1281 2474; x_wconf 88' lang='lat' dir='ltr'><em>nostris</em></span> <span class='ocrx_word' id='word_1_112' title='bbox 1333 2423 1485 2474; x_wconf 87' lang='lat' dir='ltr'><em>varie</em></span> <span class='ocrx_word' id='word_1_113' title='bbox 1539 2441 1639 2490; x_wconf 91' lang='lat' dir='ltr'><em>per</em></span> <span class='ocrx_word' id='word_1_114' title='bbox 1702 2422 1928 2473; x_wconf 87' lang='lat' dir='ltr'><em>Indiam</em></span> 
     </span>
     <span class='ocr_line' id='line_1_20' title="bbox 296 2509 1928 2577; baseline 0.001 -17"><span class='ocrx_word' id='word_1_115' title='bbox 296 2509 582 2575; x_wconf 77' lang='lat' dir='ltr'><em>dispersis,</em></span> <span class='ocrx_word' id='word_1_116' title='bbox 650 2510 933 2577; x_wconf 88' lang='lat' dir='ltr'><em>Equidem</em></span> <span class='ocrx_word' id='word_1_117' title='bbox 983 2527 1084 2576; x_wconf 90' lang='lat' dir='ltr'><em>pro</em></span> <span class='ocrx_word' id='word_1_118' title='bbox 1132 2510 1332 2561; x_wconf 87' lang='lat' dir='ltr'><em>intima</em></span> <span class='ocrx_word' id='word_1_119' title='bbox 1381 2527 1551 2576; x_wconf 91' lang='lat' dir='ltr'><em>quam</em></span> <span class='ocrx_word' id='word_1_120' title='bbox 1599 2509 1784 2561; x_wconf 89' lang='lat' dir='ltr'><em>habeo</em></span> <span class='ocrx_word' id='word_1_121' title='bbox 1830 2526 1928 2561; x_wconf 91' lang='lat' dir='ltr'><em>no-</em></span> 
     </span>
     <span class='ocr_line' id='line_1_21' title="bbox 295 2593 1928 2664; baseline 0 -17"><span class='ocrx_word' id='word_1_122' title='bbox 295 2594 422 2647; x_wconf 86' lang='lat' dir='ltr'><em>titia</em></span> <span class='ocrx_word' id='word_1_123' title='bbox 462 2595 718 2647; x_wconf 89' lang='lat' dir='ltr'><em>omnium</em></span> <span class='ocrx_word' id='word_1_124' title='bbox 762 2595 1066 2648; x_wconf 81' lang='lat' dir='ltr'><em>Societatis</em></span> <span class='ocrx_word' id='word_1_125' title='bbox 1094 2597 1229 2664; x_wconf 88' lang='lat' dir='ltr'><em>Jesu</em></span> <span class='ocrx_word' id='word_1_126' title='bbox 1264 2596 1669 2663; x_wconf 81' lang='lat' dir='ltr'><em>operariorum,</em></span> <span class='ocrx_word' id='word_1_127' title='bbox 1706 2594 1802 2662; x_wconf 91' lang='lat' dir='ltr'><em>qui</em></span> <span class='ocrx_word' id='word_1_128' title='bbox 1830 2593 1928 2647; x_wconf 93' lang='lat' dir='ltr'><em>ho-</em></span> 
     </span>
     <span class='ocr_line' id='line_1_22' title="bbox 296 2681 1928 2749; baseline 0.001 -17"><span class='ocrx_word' id='word_1_129' title='bbox 296 2681 387 2733; x_wconf 92' lang='lat' dir='ltr'><em>die</em></span> <span class='ocrx_word' id='word_1_130' title='bbox 434 2699 534 2749; x_wconf 90' lang='lat' dir='ltr'><em>per</em></span> <span class='ocrx_word' id='word_1_131' title='bbox 580 2682 683 2734; x_wconf 92' lang='lat' dir='ltr'><em>hos</em></span> <span class='ocrx_word' id='word_1_132' title='bbox 729 2689 946 2734; x_wconf 84' lang='lat' dir='ltr'><em>tractus</em></span> <span class='ocrx_word' id='word_1_133' title='bbox 997 2683 1119 2733; x_wconf 89' lang='lat' dir='ltr'><em>Deo</em></span> <span class='ocrx_word' id='word_1_134' title='bbox 1167 2690 1220 2734; x_wconf 86' lang='lat' dir='ltr'><em>et</em></span> <span class='ocrx_word' id='word_1_135' title='bbox 1270 2681 1544 2734; x_wconf 81' lang='lat' dir='ltr'><em>Ecclesiae</em></span> <span class='ocrx_word' id='word_1_136' title='bbox 1594 2682 1928 2744; x_wconf 84' lang='lat' dir='ltr'><em>inserviunt,</em></span> 
     </span>
     <span class='ocr_line' id='line_1_23' title="bbox 297 2768 1931 2836; baseline 0 -18"><span class='ocrx_word' id='word_1_137' title='bbox 297 2768 458 2819; x_wconf 82' lang='lat' dir='ltr'><em>facile</em></span> <span class='ocrx_word' id='word_1_138' title='bbox 493 2769 689 2835; x_wconf 87' lang='lat' dir='ltr'><em>judico</em></span> <span class='ocrx_word' id='word_1_139' title='bbox 732 2788 846 2819; x_wconf 91' lang='lat' dir='ltr'><em>non</em></span> <span class='ocrx_word' id='word_1_140' title='bbox 880 2769 1139 2835; x_wconf 76' lang='lat' dir='ltr'><em>indigere</em></span> <span class='ocrx_word' id='word_1_141' title='bbox 1181 2769 1303 2819; x_wconf 83' lang='lat' dir='ltr'><em>illos</em></span> <span class='ocrx_word' id='word_1_142' title='bbox 1345 2770 1705 2820; x_wconf 86' lang='lat' dir='ltr'><em>moderatore</em></span> <span class='ocrx_word' id='word_1_143' title='bbox 1745 2787 1778 2819; x_wconf 85' lang='lat' dir='ltr'><em>a</em></span> <span class='ocrx_word' id='word_1_144' title='bbox 1817 2787 1931 2836; x_wconf 94' lang='lat' dir='ltr'><em>quo</em></span> 
     </span>
     <span class='ocr_line' id='line_1_24' title="bbox 296 2853 1930 2923; baseline 0.001 -19"><span class='ocrx_word' id='word_1_145' title='bbox 296 2855 351 2905; x_wconf 90' lang='lat' dir='ltr'><em>in</em></span> <span class='ocrx_word' id='word_1_146' title='bbox 406 2856 496 2906; x_wconf 89' lang='lat' dir='ltr'><em>via</em></span> <span class='ocrx_word' id='word_1_147' title='bbox 542 2856 717 2905; x_wconf 88' lang='lat' dir='ltr'><em>divini</em></span> <span class='ocrx_word' id='word_1_148' title='bbox 765 2856 1022 2923; x_wconf 89' lang='lat' dir='ltr'><em>obsequii</em></span> <span class='ocrx_word' id='word_1_149' title='bbox 1070 2855 1410 2922; x_wconf 83' lang='lat' dir='ltr'><em>dirigantur!</em></span> <span class='ocrx_word' id='word_1_150' title='bbox 1461 2863 1655 2906; x_wconf 87' lang='lat' dir='ltr'><em>tamen</em></span> <span class='ocrx_word' id='word_1_151' title='bbox 1704 2874 1774 2905; x_wconf 92' lang='lat' dir='ltr'><em>ne</em></span> <span class='ocrx_word' id='word_1_152' title='bbox 1822 2853 1930 2905; x_wconf 87' lang='lat' dir='ltr'><em>illis</em></span> 
     </span>
     <span class='ocr_line' id='line_1_25' title="bbox 297 2942 1926 3011; baseline 0.001 -15"><span class='ocrx_word' id='word_1_153' title='bbox 297 2943 422 3011; x_wconf 89' lang='lat' dir='ltr'><em>plus</em></span> <span class='ocrx_word' id='word_1_154' title='bbox 475 2943 728 2997; x_wconf 89' lang='lat' dir='ltr'><em>merendi</em></span> <span class='ocrx_word' id='word_1_155' title='bbox 781 2960 881 3011; x_wconf 87' lang='lat' dir='ltr'><em>per</em></span> <span class='ocrx_word' id='word_1_156' title='bbox 933 2943 1316 2997; x_wconf 86' lang='lat' dir='ltr'><em>obedientiam</em></span> <span class='ocrx_word' id='word_1_157' title='bbox 1371 2943 1516 2996; x_wconf 88' lang='lat' dir='ltr'><em>desit</em></span> <span class='ocrx_word' id='word_1_158' title='bbox 1570 2942 1815 3006; x_wconf 84' lang='lat' dir='ltr'><em>occasiO,</em></span> <span class='ocrx_word' id='word_1_159' title='bbox 1870 2950 1926 2997; x_wconf 88' lang='lat' dir='ltr'><em>et</em></span> 
     </span>
     <span class='ocr_line' id='line_1_26' title="bbox 296 3028 1926 3100; baseline -0.001 -18"><span class='ocrx_word' id='word_1_160' title='bbox 296 3031 429 3100; x_wconf 92' lang='lat' dir='ltr'><em>quia</em></span> <span class='ocrx_word' id='word_1_161' title='bbox 481 3030 793 3100; x_wconf 85' lang='lat' dir='ltr'><em>disciplinae</em></span> <span class='ocrx_word' id='word_1_162' title='bbox 847 3030 986 3082; x_wconf 91' lang='lat' dir='ltr'><em>ordo</em></span> <span class='ocrx_word' id='word_1_163' title='bbox 1048 3028 1127 3082; x_wconf 84' lang='lat' dir='ltr'><em>sie</em></span> <span class='ocrx_word' id='word_1_164' title='bbox 1193 3029 1469 3098; x_wconf 85' lang='lat' dir='ltr'><em>postulat,</em></span> <span class='ocrx_word' id='word_1_165' title='bbox 1538 3037 1926 3099; x_wconf 80' lang='lat' dir='ltr'><em>opportunum</em></span> 
     </span>
     <span class='ocr_line' id='line_1_27' title="bbox 297 3119 1925 3188; baseline -0.001 -16"><span class='ocrx_word' id='word_1_166' title='bbox 297 3137 503 3173; x_wconf 86' lang='lat' dir='ltr'><em>censeo</em></span> <span class='ocrx_word' id='word_1_167' title='bbox 557 3120 801 3188; x_wconf 88' lang='lat' dir='ltr'><em>aliquem</em></span> <span class='ocrx_word' id='word_1_168' title='bbox 862 3119 1014 3187; x_wconf 78' lang='lat' dir='ltr'><em>ipsiS,</em></span> <span class='ocrx_word' id='word_1_169' title='bbox 1076 3119 1162 3169; x_wconf 82' lang='lat' dir='ltr'><em>cui</em></span> <span class='ocrx_word' id='word_1_170' title='bbox 1217 3120 1633 3187; x_wconf 86' lang='lat' dir='ltr'><em>obtemperent,</em></span> <span class='ocrx_word' id='word_1_171' title='bbox 1690 3119 1925 3187; x_wconf 88' lang='lat' dir='ltr'><em>imponi.</em></span> 
     </span>
    </p>
   </div>
   <div class='ocr_carea' id='block_1_6' title="bbox 0 0 2804 3911">
    <p class='ocr_par' dir='ltr' id='par_1_7' title="bbox 0 0 2804 3911">
     <span class='ocr_line' id='line_1_28' title="bbox 0 0 2804 3911; baseline 0 0"><span class='ocrx_word' id='word_1_172' title='bbox 0 0 2804 3911; x_wconf 95' lang='lat' dir='ltr'><em> </em></span> 
     </span>
    </p>
   </div>
  </div>
 </body>
</html>
