2692 3907
753 376 820 428 42
1154 375 1336 415 LIBER
1377 376 1413 415 Ι.
1436 392 1507 400 -
1529 375 1819 415 EPISTOLA
1859 370 1984 414 VIII.

756 507 979 560 accidat
1036 507 1205 570 idem,
1245 508 1394 576 quod
1451 527 1564 560 non
1617 527 1743 561 raro
1795 527 1897 560 usu
1950 506 2140 559 venire
2194 505 2387 558 multis

756 613 964 662 magno
1024 595 1276 663 ipsorum
1330 597 1542 647 damno
1598 596 1758 657 solet,
1813 603 1874 647 ut
1925 595 2013 646 vel
2064 612 2164 662 per
2216 593 2384 660 negli-

755 681 1007 749 gentiam
1091 682 1423 734 attendendi
1501 701 1571 747 ‘ac
1650 680 2163 749 circumspectandi
2248 680 2387 732 satis

757 770 968 834 omnia,
1023 769 1149 833 loci,
1204 770 1435 839 negotii,
1491 770 1659 823 officii
1712 771 1768 822 in
1822 770 2026 839 quibus
2078 777 2209 822 sunt
2268 786 2385 821 mo-

758 864 968 919 menta,
1035 857 1122 909 vel
1187 875 1286 923 per
1349 864 1632 909 tumorem
1706 858 2012 925 quemdam
2085 856 2190 908 sibi
2261 855 2387 923 plus

758 944 934 994 nimio
992 945 1282 1005 fidentem,
1338 944 1579 1012 ideoque
1633 944 2034 1012 dedignantem
2096 943 2387 994 consulere

758 1031 898 1081 alios
956 1031 1012 1081 in
1072 1031 1276 1092 dubiis,
1338 1038 1393 1082 et
1454 1031 1861 1098 sapientiorum
1921 1030 2233 1082 sententias
2298 1046 2385 1080 ex-

759 1116 997 1182 quirere,
1049 1124 1375 1168 mereantur
1422 1116 1615 1168 multis
1662 1136 1694 1168 a
1743 1117 1866 1168 Deo
1917 1115 2114 1184 gratiis
2159 1123 2214 1167 et
2262 1133 2385 1182 pro-

759 1201 961 1253 futuris
1023 1202 1241 1254 notitiis
1303 1202 1528 1270 privari,
1584 1221 1725 1270 quas
1787 1203 1894 1254 illis
1954 1202 2195 1270 benigne
2257 1219 2387 1253 con-

760 1288 1042 1350 cessisset,
1112 1288 1157 1339 si
1233 1289 1487 1340 animum
1557 1288 1951 1356 judiciumque
2025 1288 2388 1340 demisissent

761 1376 831 1426 ad
916 1375 1324 1442 professionem
1417 1360 1751 1442 ignorantiae
1835 1395 1901 1427 ac
1985 1375 2390 1426 imbecillitatis

761 1462 1022 1529 propriae,
1078 1462 1377 1512 consilium
1431 1462 1815 1529 auxiliumque
1862 1464 1932 1512 ab
1979 1462 2102 1512 aliis
2155 1478 2390 1534 poscen-

762 1548 863 1608 do;
931 1550 1246 1616 praesertim
1301 1548 1371 1599 ab
1424 1548 1492 1599 iis
1550 1566 1788 1615 quorum
1849 1549 2169 1600 interventu
2236 1548 2391 1598 Deus

763 1634 904 1685 solet
972 1634 1289 1701 significare
1355 1634 1518 1685 nobis
1583 1634 1639 1684 in
1706 1653 1818 1701 quo
1883 1643 1936 1686 et
1998 1652 2109 1701 qua
2173 1633 2392 1686 ratione

764 1720 957 1771 serviri
1025 1721 1128 1771 sibi
1195 1740 1295 1788 per
1369 1739 1472 1771 nos
1544 1720 1695 1772 velit.
1777 1722 2024 1773 Oramus
2089 1739 2222 1788 ergo
2287 1739 2389 1781 vos,

764 1808 963 1867 Patrae,
1005 1814 1051 1858 et
1087 1808 1403 1858 obsecramus
1449 1807 1638 1857 iterum
1684 1813 1831 1874 atque
1880 1807 2065 1858 iterum
2107 1808 2164 1857 in
2203 1807 2393 1857 Domi-

762 1912 844 1954 no,
890 1900 985 1961 per
1036 1895 1188 1942 illam
1239 1901 1469 1943 nostram
1522 1895 1578 1942 in
1637 1895 1846 1943 Christo
1876 1895 2031 1961 .Jesu
2087 1893 2391 1960 conjunctis—

760 1979 950 2031 simam
1020 1979 1333 2041 amicitiam,
1406 1996 1475 2031 ne
1544 1996 1645 2031 vos
1709 1979 1898 2046 pigeat
1964 1978 2264 2045 diligenter
2328 1994 2392 2030 ac

764 2065 885 2116 fuse
954 2066 1302 2133 perscribere
1352 2066 1608 2127 ssnonita,
1682 2067 1972 2127 mandata,
2048 2067 2394 2116 documenta

765 2154 969 2221 quibus
1024 2154 1241 2206 minute
1288 2171 1354 2206 ac
1401 2154 1729 2222 singillatim
1783 2154 2109 2206 erudiamur
2154 2154 2223 2206 de
2278 2170 2394 2204 om-

766 2240 932 2292 nibus
985 2259 1111 2308 quae
1166 2240 1374 2308 fugere,
1423 2260 1548 2308 quae
1597 2240 1774 2308 sequi,
1824 2260 1950 2309 quae
1998 2259 2213 2303 cavere,
2270 2259 2395 2308 quae

765 2327 1031 2397 amplecti
1086 2347 1229 2396 opus
1276 2336 1360 2380 est
1408 2328 1475 2379 iis
1521 2328 1634 2397 qui,
1684 2336 1743 2381 ut
1788 2347 1909 2391 nOS,
1955 2328 2116 2380 enixe
2161 2329 2394 2397 cupiunt

768 2416 823 2467 in
896 2415 1013 2468 vita
1088 2416 1262 2478 omni,
1339 2434 1404 2469 ac
1480 2416 1793 2485 praesertim
1861 2416 1916 2468 in
1983 2416 2093 2469 isto
2164 2435 2395 2469 munere

767 2505 1138 2571 procurandae
1213 2504 1410 2557 salutis
1481 2505 1819 2566 animarum,
1888 2522 2195 2571 congruere
2268 2506 2397 2557 ada-

768 2590 1005 2641 mussim
1074 2590 1279 2641 divinae
1347 2589 1644 2651 voluntati,
1713 2609 1884 2657 quam
1952 2590 2156 2641 vestris
2224 2590 2396 2658 potis-

767 2676 974 2728 simum
1066 2676 1296 2728 nutibus
1380 2694 1445 2728 ac
1529 2677 1829 2744 praeceptis
1918 2676 2396 2728 manifestandam

768 2763 931 2813 nobis
993 2763 1360 2823 confidimus;
1429 2762 1708 2829 adjuturis
1761 2762 2210 2813 imbecillitatem
2275 2779 2399 2812 nos-

768 2857 914 2900 tram
982 2851 1053 2900 ad
1120 2850 1437 2900 executioni
1511 2850 1900 2900 mandandum
1968 2849 2243 2915 quidquid
2311 2848 2401 2898 illa

769 2935 1115 3001 praescribet,
1176 2936 1379 2986 vestris
1442 2935 1812 2996 orationibus,
1868 2952 2009 3001 quas
2072 2934 2400 3001 singulares,

768 3023 908 3071 ultra
970 3028 1256 3072 consuetam
1320 3022 1645 3082 memoriam,
1710 3029 1771 3072 ut
1824 3038 1857 3071 a
1916 3021 2077 3071 vobis
2140 3020 2400 3087 implore-

771 3124 896 3160 mus
958 3108 1269 3160 admonent
1333 3107 1705 3159 necessitates
1767 3114 1976 3160 nostrae
2039 3106 2284 3175 majores
2346 3106 2399 3158 in
