2815 3911
785 357 975 399 ,LIBER
1017 359 1093 395 1v.
1120 373 1191 379 —
1215 357 1512 393 EPISTOLA
1551 357 1606 392 v.
1897 355 2000 407 279

355 484 535 537 tibus:
606 501 849 551 quorum
914 484 1154 552 alicujus
1217 485 1564 553 negligentia
1627 483 1671 534 si
1743 482 2000 534 evenisse

355 570 692 635 comperiaS,
750 577 808 620 ut
865 588 978 620 non
1040 571 1203 623 multi
1258 570 1474 622 Christi
1530 570 1723 630 fidem,
1780 586 1848 619 eo
1900 586 1998 637 gu-

355 657 651 716 bernante,
717 654 776 721 in
852 653 977 705 loco
1053 654 1159 723 ipsi
1236 653 1547 706 commisso
1624 653 1999 720 susceperint,

355 758 557 807 poenas
611 759 738 806 quae
787 741 858 791 ob
908 741 1230 807 neglectum
1287 740 1654 807 obligationis
1708 747 1887 790 tantae
1943 739 2000 789 in

354 836 518 879 tuum
585 827 763 894 ipsius
838 825 1235 893 impenderent
1304 832 1494 893 caput,
1562 831 1618 877 te
1686 824 1743 876 in
1809 824 1997 892 ipsum

355 931 714 974 aversurum;
777 930 907 965 cum
957 914 1076 981 jam
1126 921 1296 966 antea
1344 913 1493 964 clare
1541 911 1995 974 denunciaveriS,

355 1009 543 1051 totum
618 1001 772 1050 istud
838 999 1237 1065 gravissimum
1311 998 1579 1060 officium,
1658 997 2000 1051 imbuendas

355 1086 590 1138 curandi
640 1087 750 1137 fide
800 1086 1015 1138 Christi
1070 1086 1293 1136 animas
1341 1083 1656 1134 infidelium
1711 1083 1815 1135 tibi
1870 1084 1997 1136 sub-

349 1170 654 1238 jectorum,
703 1177 760 1222 te
807 1170 864 1221 in
912 1177 1043 1222 tuos
1097 1171 1400 1238 primarios
1455 1170 1659 1218 horum
1708 1178 1996 1219 tractuum

358 1255 651 1307 ministros
699 1274 1055 1307 exonerasse.

430 1341 670 1408 Quoties
711 1342 883 1408 igitur
923 1342 994 1391 ad
1035 1349 1092 1391 te
1130 1349 1343 1407 praetor
1383 1347 1480 1391 aut
1521 1339 1827 1406 praefectus
1869 1340 2001 1392 scri-

354 1427 469 1488 bet,
525 1434 772 1493 exponat
832 1445 945 1494 quo
1000 1426 1127 1480 loco
1181 1426 1494 1480 christiana
1548 1443 1637 1477 res
1692 1426 1793 1478 sit:
1862 1434 2002 1495 quot

356 1521 411 1564 et
474 1514 570 1580 qui
638 1512 906 1580 qualesve
971 1512 1316 1563 crediderint
1387 1529 1455 1563 ex
1520 1511 1793 1565 ethnicis:
1872 1530 2000 1580 quae

355 1615 485 1665 spes
529 1598 601 1650 sit
649 1616 847 1666 quaeve
902 1598 1144 1649 facultas
1198 1598 1669 1649 adducendorum
1727 1597 1997 1651 aliorum:

354 1684 559 1736 litteris
627 1685 750 1751 ejus
819 1684 973 1748 solis,
1045 1684 1102 1736 in
1156 1684 1246 1736 his
1307 1702 1434 1752 quae
1489 1686 1559 1735 de
1624 1684 1733 1736 hoc
1795 1703 2002 1753 genere

356 1770 629 1832 feruntur,
679 1772 851 1821 fidem
909 1770 1302 1822 adhibiturum
1351 1777 1434 1831 te,
1497 1770 1622 1821 aliis
1670 1771 2003 1837 quorumvis

356 1873 422 1905 eo
464 1856 534 1906 de
575 1865 916 1921 argumento
948 1855 1195 1922 scriptis,
1227 1874 1342 1906 non
1372 1855 1789 1922 acquieturum.
1834 1857 2004 1924 Quod

357 1939 402 1991 si
450 1959 518 1991 eo
565 1940 623 1991 in
670 1940 798 1992 loco
845 1940 933 1992 vel
988 1940 1281 2008 provincia
1336 1941 1425 1992 cui
1480 1941 1721 2008 quisque
1774 1949 2002 2009 praeest,

356 2044 424 2078 eo
476 2034 737 2093 tempore
798 2045 912 2094 quo
965 2027 1211 2095 praefuit,
1277 2045 1481 2094 parum
1543 2034 1714 2078 aucta
1766 2044 2006 2078 numero

354 2111 781 2180 neophytorum
832 2112 1095 2164 Ecclesia
1144 2120 1342 2165 nostra
1390 2119 1590 2164 sancta
1637 2112 1823 2176 fuerit,
1874 2131 2004 2164 cum

356 2206 581 2250 constet
634 2198 880 2250 multum
932 2198 1142 2266 ubique
1190 2217 1256 2250 ac
1305 2216 1532 2265 semper
1578 2198 1771 2266 augeri
1818 2215 2006 2267 posse,

356 2284 530 2335 modo
592 2284 869 2351 praesides
922 2285 1098 2334 velint
1116 2303 1127 2346 ;
1198 2285 1346 2334 serio
1410 2303 1476 2334 ac
1538 2285 1651 2334 fide
1704 2284 1859 2351 regia
1912 2285 2006 2335 de-

354 2369 587 2421 nunciet
642 2372 919 2437 majestas
966 2377 1066 2422 tua
1120 2370 1265 2437 ipsis
1314 2371 1371 2421 in
1420 2370 1832 2438 diplomatibus
1886 2371 2006 2439 qui-

351 2456 458 2507 bus
511 2474 610 2507 eos
664 2456 919 2508 instituis
973 2463 1029 2508 et
1078 2464 1429 2524 potestatem
1486 2457 1731 2520 conferS,
1780 2466 1837 2510 te
1885 2477 2002 2526 poe-

354 2559 456 2592 nas
500 2542 570 2592 ab
618 2541 757 2609 ipsis
804 2542 1200 2608 repetiturum.

428 2628 609 2693 quue
662 2645 1039 2693 percuperem
1092 2636 1149 2679 te
1203 2629 1579 2696 jurejurando
1638 2630 1998 2692 confirmare,

353 2712 722 2779 pollicerique
786 2712 996 2779 palam,
1054 2712 1396 2780 interposito
1451 2714 1694 2765 solemni
1758 2714 2002 2767 formula

353 2797 648 2864 conceptis
699 2797 888 2850 verbis
938 2797 1046 2850 Dei
1094 2799 1345 2862 nomine,
1394 2807 1469 2863 te,
1519 2817 1621 2868 per
1666 2818 2001 2869 quemcum-

354 2903 464 2954 que
507 2886 813 2954 praesidem
858 2883 1099 2945 steterit,
1143 2904 1213 2935 ne
1253 2885 1395 2936 fides
1436 2894 1801 2953 propagetur,
1846 2903 1999 2951 eum,

354 2977 660 3038 pOS‘tquam
726 2972 956 3024 redierit
1020 2972 1076 3021 in
1139 2972 1520 3034 Lusitaniam,
1587 2971 2000 3023 mulctaturum

354 3057 540 3129 bonis,
624 3064 680 3111 et
756 3055 1061 3127 pecuniam
1142 3057 1264 3132 ejus
1345 3075 1580 3131 remque
1662 3060 2001 3124 familiarem
