2768 3911
623 384 806 423 LIBER
849 385 1321 424 11.-EP1sToLA
1361 388 1437 424 ιν.
1773 373 1838 424 81

224 522 348 575 licet
408 515 660 584 requirit,
717 524 775 567 ut
838 517 1079 584 populus
1133 519 1204 568 ad
1258 535 1477 569 sacram
1540 516 1842 569 confessio-

226 621 349 661 nem
396 602 972 671 communionemque
1019 603 1336 666 inducatur,
1384 604 1616 672 diesque
1669 603 1846 655 festus

225 694 310 765 pie
354 696 682 759 sancteque,
728 698 790 743 ut
837 708 939 759 par
984 699 1088 754 est,
1138 691 1481 753 celebretur;
1530 690 1845 760 praesertim

226 796 353 834 vero
394 794 524 830 cum
564 777 1028 846 Quadragesim'ae
1066 785 1324 848 tempore
1365 778 1547 847 (quod
1585 777 1674 830 his
1708 777 1847 831 locis

227 870 280 921 in
343 871 603 918 aestatem
669 864 899 928 incidit)
969 884 1168 918 omnes
1231 865 1323 919 hic
1381 865 1493 918 sint
1546 865 1603 917 in
1655 864 1845 917 armis,

230 953 446 1027 Quippe
501 952 629 1004 Indi
689 960 857 1016 terra,
928 953 1189 1006 Lusitani
1254 954 1396 1005 mari
1462 952 1846 1005 dominantur.

231 1046 352 1113 Quo
393 1042 474 1103 fit,
519 1048 644 1093 toto
687 1049 748 1094 ut
792 1058 953 1094 sacro
999 1041 1093 1093 illo
1135 1050 1392 1110 tempore
1429 1042 1486 1092 in
1523 1058 1582 1093 re
1619 1040 1848 1093 militari

231 1146 292 1182 ac
333 1126 694 1196 navigatione
736 1134 1094 1196 consumptO,
1140 1127 1349 1181 milites
1391 1145 1458 1181 ac
1504 1134 1849 1180 mercatores

231 1215 391 1284 vulgo
444 1214 557 1268 sint
629 1214 1001 1268 confessionis
1064 1223 1119 1269 et
1185 1215 1562 1269 Eucharistiae
1619 1231 1850 1284 prorsus

232 1308 500 1371 expertes.
568 1302 850 1372 Quocirca
913 1309 1142 1371 praetor,
1205 1310 1265 1356 ut
1327 1302 1588 1356 homines
1639 1302 1712 1354 ad
1764 1318 1849 1353 sa-

235 1395 519 1444 cramenta
579 1388 953 1458 pelliciantur,
1017 1389 1164 1444 hanc
1221 1408 1254 1443 a
1319 1389 1594 1443 Pontifice
1660 1388 1849 1442 Indul-

233 1476 431 1547 gentiae
477 1475 798 1528 illecebram
846 1476 1125 1545 postulat;
1186 1496 1311 1544 quae
1355 1495 1491 1529 sane
1537 1476 1642 1528 erit
1689 1474 1851 1543 quasi

234 1566 402 1617 altera
449 1564 919 1635 Quadragesima.
1227 1571 1233 1576 ’

303 1651 449 1706 Petit
507 1651 730 1715 deinde,
785 1659 846 1706 ut
898 1653 1070 1721 hujus
1128 1653 1281 1706 urbis
1339 1652 1685 1704 nosocomiis
1744 1651 1852 1703 hoc

235 1757 265 1791 a
306 1736 580 1792 Pontifice
624 1737 895 1807 impetres
942 1739 1218 1802 beneficii,
1267 1746 1328 1792 ut
1376 1738 1590 1806 aegroti,
1632 1755 1852 1791 eorum·
1922 1746 1925 1749 ⁴

236 1844 338 1896 que
389 1825 728 1890 administri,
783 1826 1009 1896 quoties
1062 1825 1304 1880 confessi
1371 1824 1585 1879 Christi
1649 1842 1854 1894 corpus

237 1913 528 1982 accipient,
594 1914 850 1967 omnium
916 1923 1281 1983 peccatorum
1354 1932 1584 1966 suorum
1665 1913 1855 1964 Indul-

237 2001 480 2068 gentiam
545 2010 994 2071 consequantur:
1062 2003 1370 2054 morientes
1434 2009 1625 2054 autem
1691 2000 1856 2069 culpa

237 2087 440 2156 pariter
491 2088 858 2143 absolvantur
910 2097 964 2144 et
1018 2108 1205 2158 poena.
1263 2090 1330 2143 Id
1393 2107 1527 2143 vero
1591 2106 1731 2142 eam*
1783 2087 1855 2140 ob

240 2190 462 2228 causam
505 2175 737 2244 expetit,
782 2183 843 2230 ut
889 2176 1022 2245 aegri
1065 2175 1437 2230 sacramentis
1478 2183 1711 2230 utantur
1753 2173 1855 2228 fre-

240 2262 525 2328 quentius;
606 2262 860 2315 valentes
939 2271 1130 2315 autem
1210 2263 1478 2315 libentius
1550 2261 1859 2313 inserviant

241 2348 415 2415 aegriS,
487 2356 658 2418 atque
735 2349 792 2401 in
870 2349 978 2418 piis
1047 2350 1312 2418 operibus
1392 2367 1451 2402 se
1531 2355 1830 2402 exerceant
1846 2365 1859 2409 ;

242 2449 433 2509 omnes
490 2436 734 2505 denique
803 2437 989 2488 Deum
1048 2443 1202 2489 caste
1263 2436 1466 2505 pieque
1522 2441 1861 2488 venerantes

242 2522 492 2590 exemplo
576 2524 687 2576 sint
771 2522 1031 2586 ethnicis,
1116 2524 1264 2576 inter
1345 2542 1488 2591 quos
1566 2529 1862 2575 versantur

243 2612 295 2658 et
342 2608 557 2662 vivunt.

308 2694 437 2760 Jam
491 2704 704 2763 praetor
757 2704 817 2749 ut
869 2697 1075 2748 eximia
1126 2697 1340 2764 pietate
1399 2697 1506 2748 Dei
1562 2697 1863 2748 Parentem

243 2777 388 2841 colit,
443 2798 668 2833 summa
720 2781 988 2850 religione
1041 2783 1162 2850 ejus
1214 2782 1335 2834 dies
1381 2781 1556 2834 festos
1607 2781 1741 2849 agit.
1808 2782 1865 2831 Is

244 2863 417 2918 multo
474 2867 782 2919 maximam
834 2867 968 2920 anni
1021 2876 1241 2937 partem
1308 2886 1515 2937 magna
1579 2885 1709 2919 cum
1774 2884 1864 2919 co-

244 2946 400 3002 horte
442 2962 700 3005 versatur
743 2956 903 3006 Goae.
953 2956 1097 3006 Haec
1139 2956 1273 3006 urbs
1320 2955 1429 3005 sita
1474 2962 1560 3005 est
1606 2954 1664 3004 in
1717 2954 1866 3003 insu-

243 3031 293 3086 la
344 3037 604 3106 ejusdem
657 3040 922 3103 nominiS‚
977 3058 1103 3110 quae
1155 3048 1314 3110 patet
1368 3040 1542 3093 millia
1600 3056 1869 3109 passuum

245 3117 415 3176 ferme
486 3127 705 3180 decem.
788 3129 854 3179 In
943 3123 1124 3180 insula
1200 3136 1391 3181 autem
1461 3134 1591 3180 sunt
1659 3126 1873 3194 aliquot

1626 3222 1661 3280 6
