2645 3907
719 366 821 419 186
1131 382 1315 418 LIBER
1355 382 1441 418 III.
1464 397 1536 403 —·
1558 381 1851 419 EPISTOLA
1892 382 1929 418 1.

714 532 931 584 «quum
1006 514 1061 565 in
1142 514 1392 577 eosdem,
1478 514 1523 566 si
1608 514 1956 583 negligentes
2034 514 2343 584 deprehen-

715 606 1025 657 «derentur
1085 605 1143 656 in
1203 605 1317 657 tuis
1378 605 1749 672 vectigalibus
1813 613 1868 657 et
1931 605 2052 658 fisci
2115 605 2343 657 rationi-

717 692 863 743 «bus
935 691 1217 753 curandiS,
1288 710 1479 743 severe
1552 692 1952 743 vindicareSP»
2023 694 2144 744 Nec
2206 692 2340 755 sci0,

718 778 982 840 Domine,
1038 778 1236 846 quanti
1289 779 1360 830 ad
1406 786 1566 830 tuam
1615 778 2038 831 excusationem
2090 797 2340 830 momen-

713 866 756 918 ti
815 865 1079 917 habitura
1136 866 1207 918 sit
1265 865 1363 918 tali
1421 873 1680 934 tempore
1738 866 2032 935 responsio
2085 872 2202 929 tua,
2258 858 2336 919 di-

716 953 923 1005 centis:
1011 952 1342 1021 «Equidem
1409 953 1572 1005 annis
1640 953 1891 1022 singuliS,
1960 971 2134 1022 quum
2201 953 2347 1008 istuc

715 1039 1094 1102 «scribebam,
1152 1058 1240 1092 res
1296 1039 1469 1093 divini
1526 1040 1608 1093 tui
1665 1040 1920 1109 obsequii
1977 1041 2384 1094 commenda-,

717 1128 954 1179 «bam.»
1017 1128 1347 1194 Reponetur
1405 1127 1556 1179 enim
1616 1127 1915 1179 continuo:
1978 1127 2195 1195 «Atqui
2250 1146 2345 1180 eos

718 1213 855 1281 «qui
924 1222 1043 1264 tam
1110 1221 1307 1265 sancta
1372 1214 1481 1265 ista
1547 1215 1819 1265 mandata
1884 1232 2092 1282 susque
2157 1215 2340 1282 deque

718 1299 1065 1361 «habebant,
1126 1300 1356 1367 impune
1408 1301 1464 1351 id
1523 1300 1705 1352 facere
1749 1301 1991 1363 sinebas,
2046 1320 2219 1368 quum
2266 1303 2344 1353 in-

719 1386 926 1438 «terim
982 1405 1122 1452 quos
1177 1405 1536 1453 compereras
1590 1388 1646 1437 in
1700 1406 1885 1438 rerum
1940 1395 2166 1438 tuarum
2221 1407 2346 1454 pro-

719 1472 1053 1522 «curatione
1128 1491 1326 1539 parum
1402 1473 1546 1523 fidos
1619 1481 1715 1523 aut
1787 1481 2066 1534 strenuos,
2141 1473 2346 1524 debitis

720 1558 947 1624 «poenis
1001 1559 1371 1624 subjiceres.»

795 1644 902 1694 Per
959 1663 1063 1714 ego
1120 1652 1194 1706 te,
1258 1645 1522 1706 Domine,
1579 1663 1691 1712 quo
1743 1645 1947 1712 flagras
2000 1644 2184 1696 zelum
2237 1645 2351 1711 glo-

720 1730 816 1781 riae
887 1730 1110 1792 divinae,
1184 1750 1393 1799 perque
1464 1749 1657 1782 curam
1724 1749 1894 1799 quam
1961 1731 2137 1782 habes
2203 1731 2345 1782 anti-

722 1817 1055 1884 quissimam
1131 1819 1610 1885 expediendarum
1686 1819 1837 1885 apud
1914 1820 2099 1869 Deum
2179 1818 2346 1869 ratio-

722 1920 857 1955 num
923 1904 1089 1956 officii
1155 1905 1384 1973 proprii,
1451 1922 1516 1956 ac
1596 1905 1960 1956 conscientiae
2040 1904 2349 1957 deoneran-

723 1994 829 2055 dae,
905 1993 1160 2044 obtestor
1233 2000 1403 2061 atque
1476 1993 1676 2060 adjuro
1742 1992 2104 2060 majestatem
2169 2000 2346 2053 tuam,

724 2079 887 2131 mitte
946 2078 1055 2130 huc
1113 2079 1380 2131 idoneum
1440 2097 1569 2131 cum
1632 2079 1972 2131 auctoritate
2034 2078 2352 2130 necessaria

724 2166 1066 2229 ministrum,
1122 2167 1282 2234 cujus
1335 2185 1447 2219 una
1500 2184 1633 2218 cura
1686 2166 1775 2229 sit,
1830 2165 2153 2234 prospicere
2207 2164 2348 2217 salu-

721 2253 764 2306 ti
835 2253 1331 2305 innumerabilium
1398 2254 1716 2305 animarum
1784 2272 1909 2322 quae
1976 2243 2348 2322 hic-pericli-

722 2350 933 2403 tantur,
1009 2342 1217 2409 quique
1282 2342 1338 2392 in
1404 2360 1469 2392 ea
1535 2341 1932 2409 procuratione
2002 2347 2347 2408 potestatem

726 2448 758 2482 a
814 2437 871 2482 te
930 2429 1135 2482 habeat
1193 2429 1428 2482 liberam
1487 2430 1557 2481 ab
1616 2428 1854 2497 imperio
1913 2436 1967 2480 et
2028 2427 2242 2480 ditione
2297 2426 2354 2478 il-

727 2516 909 2568 lorum
995 2534 1137 2584 quos
1220 2515 1592 2584 vectigalibus
1673 2522 1728 2567 et
1794 2514 1948 2583 regni
2025 2515 2107 2566 tui
2191 2531 2355 2581 nego-

725 2603 821 2656 tiis
881 2604 1106 2671 proprie
1163 2621 1364 2655 vacare
1424 2603 1607 2671 jubeS,
1669 2609 1728 2653 ut
1795 2601 1875 2653 sic
1940 2601 1996 2651 in
2062 2608 2352 2669 posterum

729 2691 1095 2743 incommoda
1165 2700 1220 2743 et
1297 2691 1565 2743 scandala
1639 2690 1905 2752 vitentur,
1987 2688 2191 2758 quibus
2263 2703 2356 2738 an-

728 2778 896 2831 tehac
950 2779 1143 2831 multis
1200 2787 1255 2831 et
1313 2779 1577 2846 gravibus
1636 2795 1723 2829 res
1775 2776 1867 2829 hic
1921 2775 2232 2829 christiana
2284 2773 2359 2825 la-

730 2864 969 2918 boravit.

808 2952 971 3004 Ineat
1056 2952 1326 3019 majestas
1407 2959 1507 3005 tua
1587 2958 1845 3003 exactam
1929 2948 2228 3011 rationem,
2309 2952 2362 2999 et

733 3036 960 3105 plenam
1036 3056 1229 3090 secum
1305 3056 1588 3090 summam
1666 3035 1892 3103 colligat
1958 3034 2243 3088 fructuum
2310 3038 2363 3084 et

734 3125 1135 3193 temporalium
1209 3127 1488 3197 bonorum
1564 3144 1689 3194 quae
1767 3123 1873 3175 Dei
1946 3121 2224 3177 beneficio
2300 3137 2364 3170 ex
