2645 3907
745 360 811 413 50
1162 359 1344 397 LIBER
1386 360 1422 397 Ι.
1445 375 1516 380 -
1538 358 1832 398 EPISTOLA
1874 357 1948 395 IX.

736 490 923 542 intimi
970 489 1264 541 convictus
1310 488 1548 550 affrictU,
1600 504 1714 555 quo
1762 486 1942 554 magis
1988 486 2366 540 eruditionem

738 573 958 642 prioris,
1004 593 1173 641 quarn
1221 573 1551 640 posterioris
1597 572 1904 625 ruditatem
1954 579 2178 639 saperet
2193 592 2206 633 ;
2264 592 2369 626 nec

737 661 1195 714 conflictaremur
1252 659 1408 711 hisce
1466 659 1911 720 difficultatibus,
1972 658 2096 727 ipso
2154 659 2368 711 scilicet

736 758 873 803 tune
947 757 1272 801 eructaturo
1347 749 1665 812 scientiam,
1732 748 1879 800 inter
1952 748 2366 799 decurrendum

736 835 916 904 plenis
961 835 1100 886 velis
1147 851 1340 902 aequor
1388 834 1827 902 Scripturarum.
1891 835 2067 886 Porro
2111 841 2230 886 tam
2275 833 2367 885 hic

734 938 906 989 quam
953 921 1024 972 D-.
1073 919 1280 973 Paulus
1324 919 1706 973 communiter
1753 926 2016 987 optarent
2063 918 2367 987 impetrare

733 1007 862 1061 istic
923 1025 956 1060 a
1020 1006 1202 1076 gratia
1269 1005 1630 1059 Sanctissimi
1699 1005 1951 1069 Domini,
2018 1013 2078 1059 ut
2144 1004 2368 1074 quoties

733 1096 804 1147 ad
860 1113 1016 1146 aram
1070 1094 1296 1156 facient,
1350 1095 1571 1162 possint
1625 1094 1876 1145 animam
1937 1111 2108 1144 unam
2166 1111 2366 1161 purga-

734 1181 883 1234 torio
923 1198 1134 1233 eruere.

814 1264 1006 1319 Missae
1059 1261 1335 1318 sacrificia
1380 1283 1506 1333 quae
1553 1265 1671 1333 jam
1722 1263 2030 1317 obtulimus
2074 1282 2178 1332 pro
2232 1264 2366 1317 Car-

739 1352 912 1405 dinali
955 1351 1353 1405 Guidiccionio
1394 1360 1525 1405 sunt
1566 1350 1800 1405 omnino
1841 1351 2087 1404 ducenta
2114 1358 2170 1404 et
2207 1349 2367 1420 quin-

737 1441 1026 1511 quaginta,
1081 1458 1147 1492 ex
1200 1458 1312 1511 quo
1373 1442 1558 1492 Roma
1615 1439 1999 1503 discessimus,
2059 1456 2237 1509 usque
2294 1439 2366 1491 ad

740 1529 890 1581 hunc
965 1529 1135 1581 diem.
1214 1528 1410 1581 Faciet
1484 1545 1583 1596 per
1657 1545 1817 1580 suam
1893 1527 2133 1596 gratiam
2211 1528 2367 1579 Deus

742 1614 1024 1667 Dominus
1067 1621 1260 1667 noster
1301 1621 1362 1667 ut
1406 1613 1619 1682 reliqua
1656 1613 1712 1666 in
1752 1613 1917 1666 India
1958 1612 2365 1681 persolvamus

742 1700 1027 1769 Equidem
1093 1701 1228 1754 dum
1294 1707 1484 1754 mente
1548 1699 1801 1753 recolens
1865 1706 2085 1768 reputO,
2152 1707 2367 1768 quanto

738 1807 963 1858 semper
1008 1788 1283 1840 hactenus
1330 1788 1513 1839 fructu
1561 1796 1842 1857 gustuque
1890 1787 1998 1838 mei
2043 1787 2218 1838 animi
2264 1807 2366 1856 pro

738 1876 833 1927 illo
898 1877 1370 1928 reverendissimo
1437 1876 1709 1927 Ecclesiae
1782 1877 1948 1927 Patre
2018 1875 2365 1927 sacrificave-

738 1964 864 2027 rim,
919 1964 1064 2016 allici
1118 1981 1209 2016 me
1262 1963 1446 2015 sentio
1492 1963 1564 2015 ad
1617 1963 1882 2014 eumdem
1938 1964 2063 2015 Deo
2117 1963 2367 2015 Domino

739 2057 934 2103 nostro
1017 2050 1168 2118 apud
1252 2067 1474 2103 sacrum
1562 2037 1738 2102 altare
1825 2048 2365 2112 commendandum,

739 2140 961 2206 quoties
1026 2157 1126 2205 per
1189 2145 1371 2189 totam
1438 2136 1706 2203 deinceps
1775 2136 1951 2188 vitam
2017 2136 2096 2187 rei
2161 2136 2366 2188 divinae

740 2226 959 2295 operari
1008 2224 1146 2277 mihi
1194 2223 1512 2293 contigerit.

814 2314 1126 2366 Plurimum
1181 2312 1442 2380 cupimus
1495 2312 1655 2374 scire,
1704 2311 1926 2380 ecquid,
1975 2312 2205 2379 quando
2244 2311 2365 2379 jam

736 2401 1071 2455 confirmata
1123 2399 1314 2469 regula
1367 2406 1562 2452 nostra
1608 2405 1712 2462 est,
1760 2397 1837 2451 illi
1884 2398 2088 2468 quibus
2139 2404 2363 2452 tantum

737 2488 947 2540 amoris
994 2487 1176 2539 mutui
1224 2487 1428 2539 debere
1475 2504 1578 2537 nos
1624 2486 2048 2554 profitebamur,
2094 2485 2166 2538 ob
2212 2504 2364 2554 egre-

735 2575 886 2643 giam
945 2574 1399 2627 benevolentiam
1454 2592 1564 2642 qua
1616 2592 1705 2624 res
1758 2582 1982 2626 nostras
2035 2572 2182 2625 ultro
2238 2592 2364 2641 pro-

736 2664 1136 2731 sequebantur,
1184 2661 1574 2729 promovendo
1622 2660 1744 2711 illas
1790 2678 1897 2728 ope
1944 2660 2099 2711 omni
2152 2660 2363 2712 studio-

737 2766 873 2818 que3
940 2766 1030 2811 an,
1091 2748 1343 2816 inquam,
1404 2746 1497 2797 isti
1561 2745 1648 2796 vel
1707 2746 1828 2814 jam
1894 2746 1951 2796 in
2017 2745 2364 2797 Societatem

736 2836 995 2889 dederint
1043 2852 1271 2897 nomen,
1315 2833 1402 2886 vel
1446 2833 1502 2884 in
1546 2850 1614 2885 eo
1657 2832 1788 2896 sint,
1834 2840 1894 2886 ut
1941 2833 2364 2902 quamprimum

735 2923 889 2976 dent.
959 2922 1229 2990 Suspicor
1285 2920 1341 2973 in
1401 2919 1468 2971 iis
1533 2936 1656 2971 esse
1720 2919 1940 2988 aliquos
2004 2918 2099 2988 qui
2164 2936 2364 2987 pacem

733 3008 908 3062 animi
955 3009 1199 3078 reperire
1243 3013 1532 3075 cuperent,
1578 3005 1720 3059 citra
1762 3006 2184 3075 susceptionem
2231 3005 2363 3058 vitae

733 3097 901 3166 hujus
954 3105 1163 3151 nostrae
1217 3094 1446 3148 humilis
1492 3101 1547 3151 et
1595 3101 1959 3147 aerumnosae:
2021 3093 2116 3162 qui
2169 3100 2363 3147 tamen
