2692 3907
1215 512 1703 573 EPISTULA
1796 514 1920 575 JV.

1426 668 1711 728 Eidem.

826 825 1124 888 Contendit,
1179 831 1234 878 ut
1289 826 1512 878 bultemn
1564 827 1709 879 miles
1755 827 2039 879 cucullione
2084 834 2386 879 commutet-.-

740 912 912 973 addit,
967 911 1105 963 nihil
1155 912 1257 963 sibi
1308 913 1524 964 summis
1578 913 1841 965 laboribus
1893 932 1990 966 esse
2041 915 2270 966 suavius,

813 1069 1017 1124 Gratia
1070 1077 1124 1123 et
1179 1089 1341 1123 amor
1405 1069 1618 1124 Christi
1688 1072 1923 1124 Domini
1990 1073 2168 1126 nostri
2233 1074 2382 1127 adsit

739 1177 967 1228 semper
1023 1158 1187 1211 nobis
1241 1158 1448 1210 auxilio
1502 1167 1557 1211 et
1612 1158 1827 1212 favore!
1884 1160 2086 1213 Amen.

751 1301 883 1471 Q
924 1319 1005 1356 UI
1061 1303 1164 1355 has
1216 1304 1318 1356 tibi
1374 1305 1572 1356 reddet
1625 1305 1860 1367 litteras,
1917 1305 2090 1357 homo
2143 1313 2229 1358 est
2278 1324 2381 1358 usu

936 1391 1028 1443 hic
1080 1391 1269 1460 aliquo
1324 1390 1462 1441 mihi
1516 1400 1704 1443 notus
1776 1393 1832 1443 Is
1897 1392 1953 1443 in
2021 1392 2380 1446 Lusitaniam

735 1477 1117 1545 proficiscitur
1182 1478 1375 1539 animo
1440 1479 1768 1547 postulandi
1835 1498 1867 1531 a
1939 1497 2068 1549 rege
2144 1480 2381 1548 praemia

735 1585 924 1632 operae
980 1585 1012 1615 a
1066 1585 1124 1615 se
1186 1563 1514 1630 reipublicae
1580 1572 1829 1618 navatae:
1898 1566 2380 1635 vehementerque

732 1668 764 1702 a
817 1669 907 1703 me
952 1652 1161 1702 institit
1207 1659 1265 1702 ut
1311 1651 1814 1702 commendatitias
1863 1651 1918 1701 in
1967 1671 2092 1702 eam
2140 1671 2258 1703 rem
2307 1653 2379 1704 ad

733 1746 787 1789 te
857 1736 1081 1789 litteras
1147 1737 1360 1789 darem.
1427 1738 1695 1804 Agnosco
1760 1738 2043 1806 equidem,
2111 1756 2215 1792 nec
2273 1739 2379 1808 ipsi

734 1823 1109 1886 dissimulavi,
1163 1823 1328 1890 longe
1383 1823 1853 1890 quaestuosiorem
1908 1824 2241 1876 ambitionis
2294 1843 2376 1876 ar-

734 1918 850 1963 tem
912 1911 1207 1964 instituere
1261 1910 1436 1973 illum,
1492 1910 1713 1979 agendo
1780 1929 1909 1963 cum
1979 1912 2122 1974 DeO,
2189 1930 2376 1981 posse,

734 1997 1213 2066 impetrandaque
1260 1997 1330 2048 ab
1379 2015 1445 2048 eo
1493 2015 1724 2049 suorum
1771 2005 2140 2065 peccatorum
2192 1999 2376 2071 venia,

735 2103 907 2155 quarn
977 2084 1308 2138 meritorum
1379 2101 1444 2136 ac
1510 2091 1662 2136 recte
1736 2083 2016 2137 factorum
2091 2092 2377 2137 terrenam

735 2173 1056 2224 mercedem
1105 2190 1137 2223 a
1184 2190 1313 2239 rege
1364 2171 1588 2222 mortali
1634 2172 2031 2224 nundinando.
2081 2174 2137 2224 Is
2180 2181 2377 2225 tamen

734 2260 805 2310 ab
860 2260 968 2310 ista
1023 2258 1218 2326 utique
1272 2276 1371 2325 spe
1425 2276 1491 2310 ac
1546 2258 1914 2325 cogitatione,
1970 2259 2062 2311 hic
2123 2259 2375 2327 quidem,

733 2346 937 2398 deduci
991 2364 1107 2397 non
1159 2344 1364 2412 potuit.
1426 2343 1736 2411 Experiare
1800 2343 1926 2397 istic
1993 2363 2218 2407 cense0‚
2286 2363 2373 2398 ec-

731 2432 867 2500 quid
921 2431 1177 2484 animum
1232 2448 1361 2483 cum
1416 2430 1560 2483 coelo
1616 2430 1939 2483 mutaverit.
1999 2433 2074 2483 Et
2129 2431 2175 2483 si
2229 2430 2374 2484 forte

730 2520 884 2570 illum
940 2518 1089 2570 mala
1140 2516 1502 2585 periculaque
1557 2516 1946 2585 navigationis
2008 2510 2374 2585 opp'ortunio-

727 2625 847 2661 rem
901 2607 1227 2660 coelestibus
1281 2606 1515 2657 monitis
1568 2605 1822 2668 fecerint,
1890 2605 2067 2657 suade
2133 2604 2371 2668 homini,

724 2704 785 2747 ut
834 2692 1152 2747 monachus
1199 2692 1389 2760 potius
1435 2691 1563 2745 istic
1610 2691 1851 2754 haereat,
1908 2710 2080 2761 quam
2129 2692 2240 2746 huc
2287 2710 2369 2746 re-

729 2784 860 2836 deat
910 2782 1088 2833 miles.
1140 2781 1199 2832 Si
1246 2778 1618 2848 persuaseriS,
1670 2798 1758 2832 nae
1808 2787 1868 2832 tu
1924 2777 2217 2832 hominem
2271 2778 2371 2833 mi-

727 2890 915 2924 serum
964 2869 1178 2939 ingenti
1225 2867 1481 2921 affeceris
1534 2866 1839 2931 beneficio;
1890 2875 2062 2937 atque
2108 2867 2252 2920 adeo
2294 2865 2373 2921 lu-

728 2957 1010 3011 crifeceris
1058 2957 1311 3008 animam
1364 2957 1668 3023 perditam,
1721 2956 1872 3023 quod
1921 2956 1967 3008 si
2021 2957 2237 3008 defixus
2283 2974 2371 3008 ca-

727 3045 888 3097 ducis
935 3045 1160 3095 animus
1206 3044 1277 3095 ad
1323 3051 1554 3094 tantum
1602 3041 1986 3109 philosophiae
2031 3061 2145 3094 non
2189 3060 2371 3094 assur-

729 3132 830 3202 git,
867 3131 1098 3200 juvetur
1137 3148 1273 3182 sane
1314 3129 1369 3180 in
1411 3128 1479 3180 iis
1524 3147 1650 3196 quae
1689 3128 1842 3196 juste
1881 3128 2159 3196 postulat3
2203 3136 2259 3181 et
2296 3136 2372 3190 te,
