2768 3911
683 378 864 417 LIBER
904 377 965 415 11.
989 393 1060 398 -
1082 378 1373 416 EPISTOLA
1412 378 1562 417 XXIV.
1836 377 1936 430 153

321 516 539 586 scriptis
611 512 830 572 litteris,
906 529 1065 561 orare
1143 530 1231 562 me
1299 512 1454 562 illum
1523 511 1694 561 etiam
1767 519 1938 577 atque

319 605 503 664 etiam,
559 606 619 651 ut
673 598 718 650 si
773 597 907 666 quid
963 615 1089 649 mea
1141 615 1311 650 causa
1355 598 1491 660 vult,
1559 604 1614 648 et
1659 596 1779 665 ipse
1813 596 1936 647 abs-

318 691 490 744 tineat
550 685 605 737 in
660 683 810 736 hunc
861 690 1046 736 totum
1103 684 1497 751 Septembrem
1554 699 1807 735 mensem
1864 683 1935 735 ab

317 770 661 830 offendendis
708 777 805 822 aut
853 769 1259 837 quoquomodo
1305 768 1583 822 violandis
1628 769 1773 836 regis
1818 786 1934 821 ma-

319 863 407 932 gni
470 857 729 917 subditis,
794 875 898 907 nec
965 875 1309 923 quemquam
1381 856 1786 906 Lusitanorum
1842 874 1936 921 pa-

320 950 487 1001 tiatur
547 944 656 995 ulla
719 943 773 992 in
835 960 931 992 eos
989 960 1088 1009 per
1141 943 1196 992 id
1248 950 1476 1009 tempus
1529 942 1938 1012 injuria-gras-

323 1032 444 1087 sari.
507 1029 700 1097 Allega
761 1028 833 1080 ad
895 1027 1003 1080 hoc
1065 1027 1159 1091 illi,
1225 1028 1376 1097 quod
1428 1045 1558 1079 vere
1610 1034 1795 1096 poteS,
1850 1044 1940 1078 ex·

321 1117 481 1189 periri
561 1133 665 1168 nos
743 1114 896 1166 illam
976 1114 1091 1182 regi
1172 1115 1548 1166 Travancoris
1622 1115 1937 1183 subjectam

320 1210 539 1274 gentem
592 1219 708 1271 prae
762 1201 982 1254 caeteris
1037 1201 1378 1253 exorabilem
1426 1209 1481 1253 et
1528 1201 1835 1270 propitiam
1884 1202 1940 1252 in

322 1290 577 1343 omnibus
641 1306 767 1357 quae
820 1289 891 1339 ad
946 1305 1177 1340 causam
1231 1288 1518 1355 religionis
1570 1296 1626 1340 et
1685 1287 1940 1340 christia-

323 1392 516 1427 norum
564 1375 868 1426 commoda
913 1373 1218 1442 pertinent.
1276 1374 1352 1425 ‘Si
1400 1374 1590 1426 credet
1649 1372 1757 1426 hoc
1803 1391 1941 1442 prae-

323 1462 513 1522 fectuS,
588 1459 847 1512 dubitare
917 1478 1030 1512 non
1096 1460 1292 1522 debe0‚
1360 1460 1496 1528 quin
1565 1461 1636 1512 ad
1705 1460 1775 1512 ab
1843 1459 1938 1513 illo

321 1546 734 1614 impetrandum
790 1565 859 1598 ne
913 1546 1058 1598 male
1111 1545 1278 1598 faciat
1331 1555 1451 1598 tam
1504 1547 1647 1598 bene
1704 1545 1939 1609 meritiS‚

322 1634 704 1686 efficacissima
756 1634 878 1686 haec
930 1633 1118 1686 futura
1163 1634 1307 1686 ratio
1357 1634 1456 1685 sit:
1507 1634 1642 1702 quid
1689 1641 1942 1702 spectem

326 1722 378 1773 in
437 1721 541 1773 hac
600 1721 752 1774 velut
815 1722 1191 1791 quarumdam
1255 1721 1609 1774 induciarum
1679 1720 1736 1773 in
1793 1719 1943 1773 hunc

325 1825 571 1859 mensem
635 1808 918 1874 pactione,
985 1827 1097 1860 non
1161 1816 1217 1861 te
1282 1808 1439 1870 fallit,
1507 1809 1700 1876 utique
1765 1809 1941 1860 scien-

325 1903 453 1955 tem,
517 1894 764 1961 cogitare
827 1914 917 1946 me
980 1895 1201 1962 magnis
1263 1894 1547 1968 religionis
1600 1894 1803 1956 causis,
1865 1894 1943 1945 in-

325 1989 407 2030 tra
458 1980 606 2032 istud
659 1982 935 2049 temporis
988 1982 1235 2050 spatium
1282 1981 1692 2050 profectionem
1740 1982 1811 2033 ad
1862 2002 1943 2034 re-

325 2083 464 2133 gem,
523 2068 592 2119 ad
652 2086 820 2136 quem
875 2069 1091 2121 obstrui
1146 2069 1285 2120 mihi
1338 2069 1556 2121 aditum
1612 2086 1758 2120 nova
1811 2087 1942 2137 que-

327 2151 558 2204 relarum
613 2155 682 2206 de
736 2155 943 2207 nostris
996 2155 1251 2217 materia,
1307 2154 1508 2207 ferrem
1560 2154 1773 2206 scilicet
1827 2172 1943 2207 mo·

327 2237 637 2291 lestissime.

397 2325 773 2394 Quamquam,
817 2337 876 2381 ut
918 2328 1259 2389 indicabam,
1301 2328 1554 2379 nondum
1609 2327 1774 2395 plane
1814 2346 1943 2379 con-

329 2409 477 2462 stitui
521 2430 592 2464 an
635 2413 816 2467 iturus
857 2414 986 2467 illuc
1029 2415 1154 2477 sim,
1200 2422 1534 2482 exspectans
1580 2415 1650 2466 de
1696 2413 1943 2482 divulga-

329 2501 384 2546 to
434 2506 596 2566 raptu
650 2501 946 2554 domestici
1001 2501 1147 2569 regis
1200 2501 1335 2570 quid
1388 2500 1614 2570 allegari
1669 2500 1944 2553 defensio-

331 2582 411 2632 nis
471 2584 780 2651 plausibilis
842 2596 1010 2656 queat
1027 2607 1038 2648 ;
1110 2590 1179 2640 de
1232 2607 1345 2655 quo
1401 2596 1529 2640 tuas
1581 2587 1799 2639 litteras
1850 2588 1945 2638 fia-

330 2667 466 2731 gito;
537 2671 623 2724 hae
686 2675 732 2724 si
794 2693 920 2742 quae
985 2675 1149 2726 velim
1218 2674 1507 2736 nuncient,
1563 2674 1773 2725 nullam
1829 2691 1945 2724 mo-

330 2770 439 2820 ram
496 2757 698 2813 faciam
752 2762 859 2815 iter
910 2762 1060 2815 istud
1115 2761 1470 2831 capessendi,
1520 2761 1791 2834 solvendo
1838 2762 1945 2814 Co-

330 2839 509 2894 cinum
564 2866 777 2899 versus.
836 2850 1084 2901 Litteras
1137 2868 1305 2917 porro
1360 2850 1515 2910 istas,
1570 2849 1691 2899 sine
1744 2848 1947 2915 quibus.

330 2933 582 2995 expedire
656 2938 955 2989 consilium
1030 2937 1396 3005 profectionis
1467 2955 1704 3005 nequeO,
1772 2936 1944 2987 nolim

332 3016 488 3068 scribi
546 3038 714 3075 manu
768 3032 865 3077 tua
922 3032 1092 3077 tuove
1157 3024 1439 3077 auctorari
1509 3024 1766 3083 nomine;
1834 3041 1946 3074 me-

333 3101 460 3154 mini
519 3107 780 3163 videlicet
836 3111 1182 3175 significasse
1236 3120 1290 3163 te
1347 3110 1502 3168 mihi,
1560 3111 1822 3177 quaedam
1877 3112 1945 3164 de
