2768 3911
694 378 877 418 LIBER
917 381 979 417 ΙΙ.
1002 396 1074 402 ·—
1094 381 1387 419 EPISTOLA
1424 383 1477 419 V.
1828 381 1893 435 91

279 513 567 575 invadunt,
633 530 736 581 pro
800 530 860 565 se
933 513 1171 582 quisque
1244 514 1568 577 deturbant,
1622 513 1895 581 affligunt,

279 598 688 662 comminuunt,
757 606 1119 668 consputant,
1189 599 1537 669 proculcant,
1606 600 1898 653 omnibus-

279 707 383 760 que
434 694 672 741 onerant
729 686 968 756 probris,

347 777 493 831 Cum
552 782 819 844 quartum
872 775 992 844 jam
1051 792 1305 828 mensem
1368 775 1424 827 in
1488 775 1700 845 oppido
1762 794 1898 845 quo·

278 866 404 919 dam
470 862 907 915 christianorum
974 880 1372 925 commorarer,
1445 881 1557 930 quo
1622 863 1897 916 catechis-

279 969 427 1005 mum
469 958 877 1012 converterem,
938 949 1137 1018 ingens
1186 949 1579 1017 indigenarum
1629 967 1899 1002 numerus

277 1039 344 1091 ad
396 1055 499 1089 nos
552 1037 802 1105 undique
865 1037 1184 1089 confluebat
1241 1045 1520 1105 rogatum,
1577 1045 1638 1089 ut
1691 1037 1763 1089 ad
1818 1036 1897 1106 ip-

277 1144 461 1180 sorum
509 1125 713 1177 domos
765 1123 861 1186 ire,
918 1131 972 1176 et
1027 1141 1194 1192 super
1247 1111 1490 1191 aegrotos
1543 1124 1895 1177 domesticos

279 1215 457 1267 Deum
512 1230 673 1264 orare
726 1229 795 1264 ne
846 1229 1125 1280 gravarer.
1199 1212 1501 1279 Tantaque
1554 1219 1676 1264 erat
1723 1211 1896 1263 etiam

276 1301 521 1368 ipsorum
552 1316 830 1366 aegrorum
860 1299 1121 1349 eamdem
1145 1298 1216 1349 ob
1239 1314 1469 1349 causam
1499 1298 1896 1366 adrepentium

275 1385 603 1454 frequentia,
667 1393 728 1437 ut
789 1385 876 1436 vel
937 1384 992 1436 in
1055 1383 1349 1437 recitando
1411 1384 1645 1452 singulis
1709 1386 1897 1438 Evan-

274 1472 431 1541 geli0,
479 1472 618 1526 satis
664 1471 931 1525 haberem
985 1471 1216 1540 negotii.
1274 1472 1473 1540 Neque
1519 1479 1714 1524 tamen
1761 1490 1898 1542 quo·

274 1559 500 1613 tidianae
587 1559 1112 1613 intermittebantur
1197 1558 1601 1627 occupationes
1691 1577 1899 1628 pueros

275 1648 528 1712 docendi,
608 1665 912 1701 conversos
988 1647 1334 1716 baptizandi,
1413 1647 1671 1699 vertendi
1744 1655 1895 1700 cate-

274 1735 569 1800 chismum,
623 1736 960 1805 profligandi
1014 1736 1376 1805 quaestione5‚
1432 1743 1688 1787 mortuos
1737 1754 1895 1804 sepe-

273 1822 455 1875 liendi.
528 1822 813 1891 Equidem
861 1830 916 1876 et
962 1823 1047 1885 iis,
1097 1823 1192 1891 qui
1240 1840 1330 1875 me
1375 1823 1717 1876 valetudinis
1764 1841 1894 1876 cau-

274 1928 332 1960 sa
395 1910 670 1972 adierant,
750 1919 805 1962 et
873 1910 958 1972 iis,
1029 1910 1124 1978 qui
1192 1910 1589 1978 deprecatores
1649 1911 1893 1963 advene-

272 2005 392 2049 rant
438 1997 696 2060 aliorum‚
746 1996 1071 2050 satisfacere
1118 2015 1246 2050 curn
1301 2004 1578 2065 optarem,
1634 2014 1704 2050 ne
1757 1997 1893 2066 quid

272 2086 526 2140 videlicet
579 2088 935 2139 remitterent
989 2088 1059 2137 de
1111 2087 1318 2137 fiducia
1369 2106 1435 2137 ac
1483 2087 1674 2138 studio
1720 2086 1893 2139 chris-

271 2171 435 2227 tianae
488 2173 791 2243 religionis,
846 2173 1004 2226 nefas
1056 2175 1328 2242 putabam
1381 2183 1500 2226 tam
1549 2173 1720 2243 justis
1765 2191 1892 2242 pos-

272 2259 458 2315 tulatis
504 2261 719 2315 deesse.
769 2262 980 2315 Verum
1029 2278 1158 2315 cum
1205 2278 1293 2314 res
1339 2278 1518 2331 usque
1564 2279 1632 2315 eo
1678 2279 1890 2314 cresce-

272 2355 368 2408 ret,
412 2356 471 2401 ut
515 2367 585 2401 ne
628 2367 774 2401 unus
817 2348 1082 2402 omnibus
1125 2347 1450 2402 satisfacere
1493 2366 1740 2418 possem,
1790 2366 1894 2401 nec

272 2451 458 2486 eorum
525 2435 941 2488 controversias
1000 2435 1195 2498 vitare,
1251 2454 1379 2489 cum
1434 2454 1594 2489 suam
1653 2435 1893 2505 quisque

273 2519 498 2574 domum
558 2541 649 2575 me
709 2524 991 2576 adducere
1053 2531 1354 2575 conaretur
1413 2523 1656 2592 primus;
1724 2523 1891 2575 ratio-

272 2622 394 2659 nem
452 2608 549 2661 inii
612 2609 878 2663 omnibus
938 2610 1306 2678 obsequendi.
1365 2611 1566 2680 Itaque
1619 2610 1890 2680 quoniam

271 2688 383 2756 ipse
435 2693 515 2747 ire
566 2714 681 2748 non
733 2702 1012 2764 poteram,
1067 2713 1272 2764 pueros
1325 2696 1561 2749 idoneos
1615 2713 1743 2748 meo
1790 2697 1892 2748 cir-

271 2780 695 2833 cummittebam
760 2782 912 2834 loco:
974 2781 1068 2850 qui
1124 2783 1195 2833 ad
1250 2800 1430 2850 aegros
1481 2782 1739 2850 profecti,
1794 2783 1891 2834 do-

271 2865 530 2919 mesticos
587 2887 788 2920 omnes
845 2887 912 2920 ac
969 2868 1186 2920 vicinos
1248 2868 1658 2930 convocabant,
1720 2875 1893 2936 atque

270 2963 374 2998 una
415 2969 543 3003 cum
582 2954 653 3004 iis
694 2953 966 3022 Symbolo
1009 2953 1220 3020 pariter
1263 2952 1521 3015 recitato,
1567 2952 1892 3005 laborantes

268 3034 549 3103 erigebant
594 3042 665 3092 ad
710 3050 925 3093 certam
963 3039 1428 3108 exploratamque
1468 3038 1666 3092 salutis
1709 3057 1888 3107 spem.

270 3118 410 3174 Tum
510 3128 742 3182 demum
843 3128 1125 3179 solemnes
1228 3127 1500 3180 Ecclesiae
1603 3126 1889 3180 orationes
