2815 3911
744 386 927 424 LIBER
967 388 1042 423 1v.
1064 403 1137 409 —
1157 389 1450 426 EPISTOLA
1492 388 1568 424 1v.
1867 372 1971 440 267

343 517 584 570 honesto
636 534 772 570 sane
825 524 880 570 et
932 518 1104 585 gravi,
1160 518 1330 588 at'que
1383 519 1441 571 in
1495 518 1632 571 urbe
1684 516 1837 585 regia
1885 534 1971 569 sa-

341 603 414 655 tis
474 611 699 656 versato
761 604 1197 671 interrogatum:
1264 623 1399 657 num
1454 604 1749 657 christiani
1809 604 1971 655 suilla

341 708 508 744 carne
579 700 908 759 vescantur,
985 690 1372 760 respondisse:
1441 688 1785 743 christianos
1849 688 1969 758 qui-

340 778 469 829 dem
532 777 753 829 suillam
808 796 921 830 non
975 780 1291 846 aspernari3
1358 797 1417 833 se
1478 788 1675 833 tamen
1729 778 1971 830 libenter

338 865 683 929 auditurum,
750 884 850 917 cur
913 866 1146 917 tandem
1220 866 1275 917 id
1341 864 1744 918 sciscitaretur.
1813 866 1963 919 Tum

340 950 535 1003 Sinam
598 951 824 1015 dixisse,
879 953 1170 1005 nationem
1219 970 1341 1004 esse
1387 953 1699 1022 quamdam
1746 951 1804 1002 in
1852 971 1965 1003 me-

337 1037 430 1089 dio
490 1036 754 1090 Sinarum
801 1056 975 1106 regno
1022 1039 1312 1092 montibus
1365 1039 1662 1101 inclusam,
1713 1039 1967 1090 moribus

336 1124 723 1193 institutisque
787 1125 952 1194 longe
1010 1125 1412 1177 abhorrentem
1471 1125 1542 1177 ab
1603 1124 1774 1188 Sinis,
1835 1142 1962 1193 quae

333 1211 403 1262 ab
432 1210 594 1263 suilla
644 1212 872 1280 penitus
924 1212 1251 1275 abstineret,
1300 1219 1356 1265 et
1410 1212 1620 1265 multos
1683 1212 1805 1265 dies
1858 1211 1963 1265 fes-

332 1306 421 1350 tos
483 1298 720 1350 solemni
788 1299 897 1351 ritu
952 1299 1278 1352 celebraret.
1352 1300 1496 1352 Haec
1548 1298 1688 1351 mihi
1742 1317 1955 1352 merca-

331 1395 419 1438 tor
471 1404 601 1439 cum
654 1387 1027 1455 exposuisset,
1083 1407 1197 1439 non
1251 1387 1391 1439 satis
1444 1386 1725 1455 conjicere
1777 1386 1956 1455 potui,

332 1480 518 1523 utrum
579 1472 654 1535 hi,
710 1492 853 1541 quos
909 1473 1046 1526 Sina
1092 1474 1469 1537 describebat,
1526 1473 1819 1527 christiani
1875 1491 1959 1526 es-

330 1569 453 1615 sent
520 1580 587 1615 ex
651 1580 718 1615 eo
784 1580 1038 1627 numero,
1106 1561 1201 1632 qui
1266 1560 1408 1614 ritus
1495 1560 1758 1614 Hebraeae
1824 1559 1964 1630 legis

330 1667 457 1700 cum
535 1648 750 1703 Christi
818 1650 1085 1718 religione
1161 1650 1532 1718 conjungunt,
1604 1647 1800 1717 quales
1862 1649 1960 1700 AE-

327 1735 552 1806 thiopes
617 1737 790 1790 maris
858 1738 1036 1790 Rubri
1102 1737 1325 1791 accolas
1391 1737 1602 1790 scimus
1668 1755 1818 1799 esse,
1885 1755 1957 1789 an

324 1826 527 1895 Judaei,
595 1826 691 1895 qui
756 1834 887 1880 sunt
958 1835 1082 1880 toto
1152 1835 1431 1879 terrarum
1498 1825 1632 1877 orbe
1697 1824 1956 1892 dispersi:

326 1929 456 1962 nam
533 1913 848 1964 Saracenos
921 1931 1034 1964 non
1101 1930 1242 1974 esse,
1310 1914 1481 1965 audio
1545 1921 1808 1964 constare
1873 1912 1955 1963 in-

323 2007 408 2052 ter
465 2018 682 2053 omneS.

395 2087 732 2156 Complures
775 2095 1121 2141 mercatores
1149 2106 1178 2140 e
1215 2088 1471 2140 Malacca
1507 2087 1565 2138 in
1596 2087 1763 2139 Sinas
1799 2104 1954 2138 com-

323 2182 512 2227 meant
575 2174 914 2244 quotannis;
985 2173 1187 2227 horum
1244 2174 1437 2228 multis
1499 2192 1604 2243 ego
1666 2174 1953 2239 mandavi,

322 2271 380 2315 ut
428 2262 726 2332 diligenter
778 2271 1146 2332 cognoscant,
1203 2262 1298 2332 qui
1351 2262 1583 2315 tandem
1641 2262 1752 2315 sint
1807 2261 1955 2315 illius

318 2350 502 2418 gentis
555 2368 759 2414 moreS,
816 2351 911 2420 qui
964 2351 1124 2413 rituS,
1181 2369 1307 2419 quae
1360 2351 1512 2419 leges
1559 2359 1614 2402 et
1668 2350 1950 2413 instituta,

320 2445 378 2490 ut
443 2437 531 2490 his
593 2438 827 2491 tandem
892 2438 1146 2505 vestigiis
1218 2439 1339 2506 ejus
1409 2438 1798 2491 conditionem
1872 2437 1952 2488 in-

316 2527 608 2595 vestigem,
667 2524 1136 2594 exploratumque
1195 2523 1437 2577 habeam
1502 2525 1765 2595 Judaeine
1816 2525 1950 2589 sint,

318 2630 388 2662 an
435 2612 746 2664 christiani.
817 2613 1018 2678 Neque
1071 2612 1221 2664 enim
1271 2614 1495 2674 desunt,
1545 2612 1641 2680 qui
1691 2615 1748 2664 S.
1797 2610 1952 2664 Tho·

319 2716 466 2751 mam
516 2699 853 2768 Apostolum
897 2699 955 2750 in
1001 2698 1168 2750 Sinas
1213 2705 1544 2766 penetrasse
1589 2698 1950 2761 confirment,

318 2803 701 2854 magnumque
761 2804 958 2837 eorum
1022 2803 1323 2837 numerum
1377 2785 1450 2837 ad
1506 2785 1723 2838 Christi
1777 2786 1951 2838 fidem

317 2874 635 2927 adduxisse.
696 2875 843 2926 Nam
889 2872 1046 2941 prius
1089 2890 1260 2940 quam
1307 2870 1535 2924 Indiam
1583 2872 1845 2925 Lusitani
1893 2871 1951 2924 in

317 2975 476 3010 suam
529 2960 880 3026 redegissent
943 2957 1238 3019 ditionem,
1305 2959 1511 3010 Graeca
1569 2959 1830 3011 Ecclesia
1883 2976 1951 3011 eo

318 3046 578 3102 mittebat
641 3046 962 3114 episcopOS,
1018 3043 1114 3113 qui
1174 3042 1516 3096 christianos
1572 3045 1629 3097 S.
1685 3043 1949 3108 Thomae,

314 3132 545 3205 ejusque
583 3133 993 3203 discipulorum
1033 3148 1207 3199 opera
1244 3140 1591 3201 propagatos
1636 3140 1952 3192 tuerentur,
