2815 3911
584 369 766 420 LIBER
806 368 842 421 1'.
865 381 1248 423 —EPISTOLA
1286 371 1412 423 vni.
1741 383 1806 435 41

195 516 358 569 alitur
434 513 902 565 fortunandorum
979 516 1109 567 laeto
1185 503 1389 567 eventu
1480 524 1809 575 conatuum,

195 616 332 671 quos
394 600 686 654 intendere
750 602 1026 654 maximos
1085 618 1351 670 paramus
1414 604 1484 654 ad
1549 602 1811 653 homines

193 685 604 743 infelicissimos
659 686 959 754 juvandOS,
1022 687 1313 741 trahendis
1371 687 1439 740 iis
1491 688 1563 740 ad
1615 704 1808 740 veram

192 774 450 829 notitiam
495 782 707 826 sanctae
754 774 884 825 fidei
927 793 992 827 ac
1034 775 1318 843 religionis
1363 782 1592 836 nostrae,
1640 774 1809 826 unico

192 860 459 916 instinctu
512 860 721 912 amoris
774 869 828 913 et
883 861 1135 930 obsequii
1190 880 1320 930 erga
1375 862 1561 913 Deum
1612 860 1807 912 Domi-

192 965 322 1001 num
381 954 657 1008 nostrum,
711 946 800 998 cui
854 964 957 999 nos
1010 947 1118 1001 ista
1170 965 1340 1015 opera
1393 947 1697 1014 gratificari
1752 953 1806 997 et

192 1034 392 1089 servire
446 1033 826 1086 certissimum
880 1033 1170 1087 habemus

257 1120 504 1173 Oramus
563 1135 665 1170 vos
727 1119 999 1186 majorem
1053 1120 1109 1170 in
1163 1121 1416 1181 modum,
1471 1127 1531 1171 ut
1586 1126 1807 1170 mature

189 1205 345 1264 nobis
406 1204 532 1256 istic
594 1205 887 1273 otioseque
950 1205 1302 1257 concinnetis
1370 1206 1538 1272 longa
1600 1213 1654 1256 et
1717 1222 1807 1255 ac-

188 1297 375 1343 curata
429 1290 663 1351 monita,
719 1308 845 1357 quae
898 1308 996 1357 per
1048 1308 1219 1343 naves
1270 1291 1403 1343 hinc
1449 1291 1505 1342 in
1556 1291 1801 1350 Indiam,

187 1372 450 1428 redeunte
506 1376 722 1428 Martio
773 1377 1043 1429 vertentis
1104 1377 1255 1439 anni,
1320 1376 1619 1439 soluturas,
1683 1395 1806 1443 per-

187 1462 307 1516 ferri
368 1463 440 1515 ad
502 1478 606 1515 nos
664 1463 900 1531 possint.
972 1465 1037 1515 In
1091 1464 1178 1515 his
1230 1481 1262 1516 a
1314 1465 1476 1515 vobis
1529 1464 1696 1532 plena
1749 1472 1803 1513 et

184 1547 249 1614 ad
304 1546 523 1600 minuta
576 1566 815 1616 quaeque
868 1548 1271 1602 descendentia
1325 1548 1594 1616 perscribi
1642 1548 1806 1601 nobis

184 1637 454 1705 cupimu5,
519 1646 573 1688 et
637 1638 966 1706 suppliciter
1029 1637 1293 1706 petimuS,
1350 1638 1640 1699 mandata,
1696 1636 1806 1687 sin-

182 1721 411 1789 gillatim
489 1722 829 1790 explicantia
908 1724 1062 1791 quid,
1141 1740 1254 1791 quo
1331 1724 1521 1784 mod0‚
1602 1723 1807 1790 quibus

183 1808 532 1860 cautionibus
610 1827 774 1877 agere
853 1809 963 1862 illic
1042 1810 1369 1871 debeamu3‚
1449 1810 1601 1876 quod
1672 1809 1804 1862 vitae

182 1894 498 1947 institutum
571 1897 914 1964 operandive
986 1897 1266 1948 rationem
1337 1897 1484 1947 inter
1550 1895 1805 1947 infideles

180 1987 382 2034 tenere.
452 1983 577 2035 Etsi
633 1983 783 2034 enim
838 2001 950 2035 non
998 1984 1329 2045 diffidimus,
1379 1984 1515 2050 quin
1563 2000 1667 2035 nos
1713 2000 1802 2035 ex-

181 2070 447 2135 perientia
525 2071 648 2138 ipsa
724 2090 975 2138 praesens
1053 2072 1291 2121 doctura
1368 2089 1435 2121 ac
1517 2069 1803 2141 directura

180 2157 426 2210 nonnihil
499 2159 554 2211 in
627 2175 694 2211 eo
767 2158 857 2222 sit,
948 2159 1295 2227 praecipuam
1367 2167 1559 2211 tamen
1644 2174 1803 2226 spem

181 2240 519 2313 intelligendi
574 2245 709 2314 quid
764 2244 820 2297 in
868 2244 1036 2314 hujus
1081 2245 1259 2298 totius
1306 2244 1803 2298 administratione

181 2331 381 2397 negotii
434 2332 798 2400 potissimum
855 2333 979 2384 Deo
1033 2332 1188 2385 cordi
1243 2332 1334 2394 sit,
1384 2332 1440 2383 in
1494 2331 1803 2399 suggestio-

181 2431 243 2466 ne
287 2419 790 2488 admonitioneque
836 2428 1025 2471 vestra
1078 2419 1372 2487 ponimus;
1434 2418 1629 2485 utique
1681 2437 1803 2485 per-

180 2504 320 2554 suasi
359 2506 520 2557 vobis
560 2507 966 2575 inspiraturum
1012 2506 1324 2557 Dominum
1367 2514 1626 2557 nostrum
1667 2505 1803 2572 quid

179 2597 228 2640 et
284 2600 563 2659 quatenus
620 2593 709 2662 agi
763 2611 795 2646 a
849 2594 1012 2646 nobis
1068 2594 1221 2656 velit,
1276 2610 1487 2662 perque
1547 2594 1799 2655 eosdem,

177 2675 372 2740 quibus
453 2679 730 2733 hactenus
796 2680 1093 2733 nobiscum
1159 2689 1244 2732 est
1310 2698 1463 2742 usuS‚
1530 2679 1802 2747 interpre-

176 2767 274 2823 tes,
327 2766 612 2818 declarare
666 2768 1031 2835 dignaturum
1086 2785 1314 2817 sensum
1370 2785 1435 2817 ac
1481 2766 1800 2833 beneplaci-

177 2853 290 2901 tum
370 2869 534 2905 suum
616 2854 881 2906 intimum
963 2854 1111 2906 circa
1185 2871 1363 2922 genus
1427 2870 1493 2904 ac
1559 2852 1801 2904 formam

177 2933 300 2989 Vitae
367 2940 780 3010 ministeriique
849 2941 1046 2994 nostri.

243 3023 327 3078 Ad
388 3026 497 3081 hoc
560 3028 734 3082 etiam
797 3036 968 3097 atque
1026 3028 1219 3092 etiam,
1274 3029 1531 3097 adeoque
1584 3028 1798 3081 instan-

176 3105 385 3165 tissime
486 3117 796 3183 petendum
896 3134 1126 3170 moveor
1222 3124 1376 3168 metu
1474 3134 1543 3168 ne
1616 3114 1800 3168 -nobis
