2645 3907
673 411 774 460 166
1018 422 1200 457 LIBER
1243 422 1303 456 11.
1329 436 1399 442 —-
1423 422 1714 456 EPISTOLA
1754 420 1952 454 xxvm.

670 556 843 607 modo
898 555 1138 623 pacandi
1194 554 1481 620 regionem
1530 553 1676 604 hanc
1724 550 2139 621 inquietissimo
2186 570 2298 602 me-

669 649 730 695 tu
790 659 1145 709 suspensam,
1207 658 1272 694 ac
1331 641 1542 709 passim
1598 647 2020 693 consternatam
2074 638 2146 690 ob
2200 639 2299 690 mi-

671 747 774 780 nas
847 728 1226 795 Badagarum.
1302 726 1518 779 Vellem
1589 734 1720 779 ante
1790 726 2102 779 discessum
2170 725 2301 778 hinc

674 833 863 866 meum
911 813 999 864 his
1048 813 1268 865 miseris
1314 813 1555 881 populiS,
1606 813 1650 864 si
1701 813 1887 864 minus
1932 811 2159 879 plenam
2206 829 2301 879 pa-

675 919 798 953 cem
861 918 1113 967 possum,
1178 901 1379 952 saltem
1444 902 1720 967 quasdam
1784 917 2164 951 aerumnarum
2222 898 2301 949 in-

676 986 872 1039 ducias
938 985 1269 1053 relinquere.
1346 985 1501 1038 Dixit
1567 986 1829 1054 princeps
1896 984 2128 1047 CoelliO,
2199 986 2301 1036 Be-

675 1071 1044 1125 terbemalem
1120 1072 1334 1139 ingenti
1410 1071 1772 1124 festinatione
1853 1071 1994 1123 mari
2073 1070 2305 1123 tendere

677 1168 875 1212 contra
937 1180 1124 1226 regem
1191 1180 1479 1227 magnum,
1544 1160 1735 1212 animo
1798 1178 1924 1211 cum
1990 1177 2056 1211 eo
2114 1158 2303 1211 confli-

675 1248 862 1316 gendi.
927 1247 1051 1297 Alia
1113 1246 1250 1297 mihi
1313 1247 1458 1298 ratio
1519 1246 1742 1315 legandi
1804 1244 2002 1297 Coellii
2061 1243 2184 1308 fuit,
2245 1253 2304 1297 ut

677 1334 1043 1401 impetrarem
1087 1351 1120 1385 a
1162 1334 1416 1402 principe
1468 1334 1685 1386 litteras
1731 1335 1802 1385 ad
1859 1335 2130 1403 adigares;
2188 1332 2305 1400 qui-

676 1420 781 1471 bus
837 1419 1145 1486 jubeantur
1202 1419 1531 1487 permittere
1590 1419 2044 1487 exportationem
2104 1436 2305 1487 oryzae,

677 1512 731 1556 et
806 1504 1044 1569 aliorum
1120 1505 1191 1555 ad
1266 1505 1478 1556 victum
1557 1505 1799 1557 utilium.
1880 1505 2100 1556 Eadem
2172 1503 2309 1556 feria

674 1590 845 1641 tertia
908 1598 1035 1656 post
1102 1589 1416 1652 meridiem,
1481 1590 1673 1658 accepi
1741 1590 1959 1643 litteras
2026 1597 2172 1652 tuaS,
2253 1598 2307 1642 et

676 1677 950 1728 continuo
1009 1676 1266 1744 expedivi
1326 1684 1543 1728 certum
1604 1676 1895 1729 hominem
1955 1677 2026 1728 ad
2083 1677 2143 1728 P.
2200 1678 2306 1729 Co-

674 1764 867 1815 ellium
935 1782 1062 1815 curn
1131 1763 1371 1831 epistola
1436 1765 1512 1837 ab
1569 1782 1635 1815 eo
1697 1765 1987 1816 reddenda
2048 1763 2308 1832 principi,

677 1869 788 1917 qua
842 1850 995 1902 illum
1053 1869 1206 1917 rogO,
1263 1859 1322 1902 ut
1387 1852 1595 1902 scribat
1648 1852 1955 1919 adigaribus
2011 1851 2173 1902 istius
2228 1869 2308 1902 re-

675 1937 876 2005 gioniS,
927 1956 1012 1999 ne,
1064 1938 1215 2005 quod
1264 1937 1540 1990 hactenus
1585 1924 1854 2001 fecerunt,
1900 1939 2128 1991 obstent
2174 1955 2308 2006 quo-

676 2024 863 2077 minus
917 2024 1189 2077 alimenta
1246 2024 1570 2077 Punicalem
1632 2025 2037 2094 importentur3
2108 2031 2307 2094 praete-

675 2130 881 2180 reaque
929 2131 997 2162 ne
1046 2112 1386 2163 christianos
1434 2113 1700 2163 infestare
1754 2122 2019 2181 pergant,
2076 2114 2174 2163 sed
2230 2113 2310 2163 eis

676 2198 867 2264 potius
938 2215 1131 2266 aequos
1187 2215 1245 2250 se
1314 2200 1623 2266 praebeant.
1703 2200 1859 2250 Nihil
1924 2217 2037 2251 non
2108 2218 2310 2250 moveo

674 2302 786 2351 quo
844 2283 1007 2345 hane,
1070 2284 1114 2335 si
1169 2302 1421 2351 possum,
1479 2285 1826 2336 maritimam
1881 2302 2039 2336 oram
2100 2285 2309 2353 aliqua-

673 2380 840 2422 tenus
898 2372 1149 2439 quietam
1204 2371 1536 2440 relinquam,
1593 2380 1724 2424 ante
1780 2391 1968 2425 meum
2021 2371 2154 2425 hinc
2201 2372 2309 2424 dis·

676 2477 900 2511 cessum
979 2458 1514 2527 Iniquitribirimum
1590 2477 1802 2512 versus.
1874 2461 2052 2529 Spero
2117 2467 2309 2512 autem

677 2565 765 2598 me
830 2546 958 2598 inde
1018 2545 1330 2598 rediturum
1394 2545 1801 2598 efficacioribus
1849 2554 2133 2599 armatum
2178 2564 2307 2600 auc-

679 2634 926 2686 toritatis
991 2634 1157 2700 regiae
1212 2633 1493 2701 praesidiis
1540 2634 1611 2684 ad
1669 2633 2049 2685 resistendum
2111 2633 2310 2701 iniqui-

677 2722 780 2772 tati
849 2722 1128 2788 adiga-rchm
1190 2722 1448 2772 istorum.
1507 2722 1648 2771 Cras
1702 2739 1868 2771 mane
1931 2721 2177 2771 scri-barn
2240 2721 2311 2771 ad

681 2807 1030 2875 praefectum,
1108 2826 1221 2860 non
1304 2808 1455 2858 enim
1538 2826 1687 2859 nunc
1767 2808 2048 2859 scribendi
2129 2807 2309 2859 otium

679 2895 941 2946 concedit
995 2894 1162 2961 hujus
1215 2894 1490 2946 tabellarii
1540 2893 1847 2945 festinatiO.
1901 2896 2158 2962 Expecto
2205 2894 2312 2945 hac

682 2991 849 3034 nocte
896 2982 1266 3033 Franciscum
1307 2982 1611 3043 Coellium.
1670 2982 1950 3034 Postridie
1998 3000 2182 3043 mane,
2231 2982 2310 3032 fu-

681 3070 857 3120 siores
922 3069 992 3119 ad
1059 3075 1114 3119 te
1169 3068 1404 3128 litteras,
1466 3086 1638 3134 quam
1704 3067 1791 3119 hae
1858 3077 2007 3129 sunt,
2066 3067 2309 3119 destino,

684 3157 848 3205 Nunc
915 3153 1152 3204 multam
1214 3172 1245 3203 a
1312 3171 1401 3203 me
1467 3152 1707 3220 salutem
1774 3153 2069 3205 nunciabis
2137 3152 2312 3211 Paulo
