2645 3907
643 365 714 416 80
1052 371 1234 414 LIBER
1277 379 1337 414 11.
1361 394 1433 400 ——
1454 379 1747 415 EPISTOLA
1792 378 1867 415 IV.

1115 580 1595 640 EPISTOLA
1687 581 1813 639 IV.

1318 778 1601 840 Eidem.

714 983 796 1035 De
855 982 1225 1051 Indulgentz'is.
1288 982 1372 1035 De
1430 981 1801 1050 Confirmandi
1851 962 2097 1051 potestate
2153 987 2273 1052 pro-

640 1069 880 1138 episcopis
926 1068 1228 1137 deleganda.
1299 1070 1380 1120 De
1428 1068 1847 1138 Quadragesima-
1899 1068 2272 1138 transferenda,

639 1162 685 1208 et
736 1156 795 1208 de
849 1156 1264 1208 Conimbricensi
1320 1156 1595 1208 Societatis
1655 1156 1910 1225 Collegio.

714 1311 916 1366 Gratia
972 1319 1027 1365 et
1088 1329 1249 1365 amor
1310 1310 1523 1365 Christi
1588 1310 1821 1365 Domini
1884 1311 2064 1365 nostri
2126 1312 2274 1366 adsit

639 1417 865 1466 semper
916 1397 1079 1451 nobis
1131 1396 1339 1451 auxilio
1392 1405 1446 1451 et
1501 1397 1726 1451 favore!
1795 1399 1997 1451 Amen.

653 1551 1042 1690 PRAETOR
1096 1555 1294 1616 Indiae,
1344 1555 1431 1607 cui
1480 1573 1584 1606 nos
1632 1573 1849 1619 omnes,
1899 1556 1994 1626 qui
2042 1555 2133 1608 hic
2182 1574 2269 1609 su-

816 1661 960 1706 muS‚
1017 1644 1226 1712 quique
1289 1645 1488 1696 Romae
1547 1650 1861 1707 versantur,
1922 1650 2046 1697 tum
2101 1661 2267 1712 prop-

637 1737 723 1784 ter
786 1746 1073 1783 summum
1140 1729 1262 1798 ejus
1326 1729 1577 1784 studium
1637 1728 1822 1784 cultus
1891 1728 2085 1793 divini,
2147 1736 2270 1783 tum
2577 1740 2607 1774 a

637 1824 868 1886 propter
919 1815 1202 1886 egregiam
1249 1835 1381 1886 erga
1427 1824 1685 1869 nostrum
1741 1817 2018 1871 Ordinem
2070 1816 2266 1870 volun-

636 1912 817 1957 tatem
882 1905 1156 1956 debemus
1220 1904 1546 1972 plurimum,
1614 1905 1833 1973 rogavit
1899 1922 2008 1967 me,
2074 1912 2135 1956 ut
2202 1905 2271 1956 de
2581 1913 2643 1948 ac

637 1991 976 2061 quibusdam
1031 1991 1234 2043 horum
1286 1992 1540 2043 locorum
1588 1990 1975 2060 spiritualibus
2026 1991 2268 2044 necessi·
2583 2001 2645 2051 ge

636 2078 851 2131 tatibus
912 2078 1155 2130 facerem
1208 2085 1264 2130 te
1317 2095 1416 2147 per
1472 2077 1690 2131 litteras
1753 2077 2072 2131 certiorem.
2157 2078 2267 2131 Ita·
2586 2088 2645 2139 pa

638 2183 765 2235 que,
814 2183 943 2218 curn
990 2171 1046 2218 et
1093 2165 1213 2234 ipse
1258 2171 1556 2233 tantopere
1603 2164 1675 2218 ad
1722 2164 1845 2234 pias
1892 2183 1981 2218 res
2027 2164 2099 2219 sit
2144 2183 2268 2234 pro·
2589 2173 2645 2210 08

637 2270 865 2320 penSUS‚
914 2259 969 2303 et
1017 2253 1138 2319 ejus
1183 2251 1469 2319 postulata
1522 2251 1721 2319 pietati
1774 2252 2084 2320 virtutique
2138 2268 2267 2304 con·
2591 2260 2645 2311 qt

635 2346 859 2407 gruant,
908 2338 1069 2391 facile
1116 2338 1397 2391 adductus
1443 2355 1588 2400 sum,
1633 2345 1694 2390 ut
1740 2336 1864 2390 haec
1906 2338 2008 2389 abs
2049 2344 2106 2390 te
2150 2337 2271 2406 ejus
2594 2347 2645 2394 ἒξ

641 2424 871 2478 nomine
924 2425 1291 2493 postularem.
2596 2432 2645 2491 o1

715 2510 968 2564 Primum
1042 2510 1228 2579 igitur,
1304 2509 1573 2578 quoniam
1656 2510 1783 2562 Indi
1860 2511 1917 2562 S.
1984 2508 2267 2562 Thomam
2597 2521 2645 2553 e>

639 2597 995 2667 Apostolum,
1042 2598 1221 2650 Indiae
1267 2604 1590 2666 patronum,
1638 2597 1997 2649 sanctissime
2043 2597 2269 2658 colunt3
2600 2595 2645 2640 Εἴ

639 2687 711 2737 ad
757 2685 925 2753 hujus
974 2684 1357 2736 venerationis
1402 2691 1457 2735 et
1505 2683 1689 2736 cultus
1742 2683 2270 2751 amplificationem,

639 2770 805 2823 vellet
857 2771 914 2821 in
968 2770 1118 2822 diem
1172 2769 1447 2836 Apostolo
1500 2786 1742 2830 sacrum,
1798 2776 1853 2821 et
1907 2776 2124 2837 septem
2188 2768 2267 2819 in—
2603 2774 2645 2809 C<

641 2862 961 2924 sequenteS,
1005 2854 1232 2922 plenam
1280 2853 1700 2922 Indulgentiam
1748 2873 1780 2905 a
1830 2853 2106 2906 Pontifice
2155 2854 2271 2905 Ma·
2606 2861 2645 2895 11

644 2944 798 2993 ximo
839 2941 1132 3008 impertiri,
1194 2941 1262 2990 iis
1322 2941 1617 3001 duntaxat,
1681 2940 1776 3008 qui
1835 2958 1936 3008 per
1991 2958 2089 2991 eos
2153 2939 2273 2991 dies
2607 2929 2642 2978 h

640 3028 746 3080 rite
799 3027 1041 3080 confessi
1095 3028 1166 3079 ad
1220 3044 1439 3078 sacram
1497 3025 1874 3079 Eucharistiae
1927 3025 2269 3079 accesserint
2477 3081 2479 3084 ,
2608 3014 2645 3067 Ῑὲ

642 3134 917 3168 mensam.
1000 3116 1166 3167 Hanc
1232 3112 1321 3165 ille
1386 3113 1773 3166 conditionem
1840 3113 2050 3166 idcirco
2114 3112 2268 3165 vide·
2612 3100 2645 3153 f<
