2692 3907
633 405 737 457 214
1044 404 1227 440 LIBER
1268 405 1353 441 ΙΙΙ.
1378 421 1449 426 -
1471 403 1765 441 EPISTOLA
1803 404 1857 441 V.

630 536 847 589 litteras
922 542 1019 588 aut
1086 553 1298 599 coram,
1366 536 1616 605 pessima
1681 535 1804 604 ejus
1870 534 2139 599 facinora,
2207 545 2265 592 ut

631 643 831 693 poenas
905 643 971 675 ex
1036 624 1160 693 ipso
1227 624 1460 679 meritas
1526 632 1806 693 repetant,
1872 631 1995 675 tum
2063 627 2266 692 agendi

631 729 761 764 cum
815 710 1070 779 principe
1120 711 1371 763 Domino
1428 710 1699 772 HenriCO,
1749 710 1893 762 sacri
1945 709 2268 764 Tribunalis

633 798 1031 867 Quaestionum
1086 797 1142 850 in
1197 797 1466 866 religione
1520 796 1847 866 capitalium
1897 796 2157 865 praeside,
2207 806 2266 853 ut

633 885 679 937 is
740 903 843 953 pro
906 903 1171 954 suprema
1233 885 1288 936 in
1338 903 1405 937 eo
1453 884 1840 937 ecclesiastico
1902 883 2023 935 foro
2081 891 2266 951 potes-

632 979 769 1034 tate,
834 972 955 1040 lege
1018 972 1074 1023 in
1137 972 1322 1040 ipsum
1394 979 1543 1040 agat,
1617 979 1894 1039 tanquam
1957 971 2266 1039 impedien-

630 1066 748 1110 tem
812 1058 1242 1110 conversionem
1307 1058 1639 1119 infidelium,
1706 1057 2094 1109 crudelissime
2147 1054 2265 1124 per-

632 1144 937 1212 sequendis
1003 1144 1070 1195 iis
1137 1144 1232 1212 qui
1294 1161 1491 1196 recens
1553 1145 1625 1195 ad
1688 1150 1944 1195 nostram
2008 1150 2264 1195 sanctam

631 1228 812 1297 legem
867 1236 922 1281 et
975 1229 1147 1281 fidem
1202 1237 1583 1281 accesserunt.
1650 1229 1912 1297 Adjunge
1965 1235 2094 1296 post
2150 1246 2265 1280 om-

633 1314 744 1376 nia,
808 1333 983 1366 unum
1047 1322 1260 1367 restare
1315 1316 1549 1367 modum
1604 1314 1939 1367 occludendi
1993 1313 2132 1366 mihi
2186 1333 2265 1378 os,

634 1409 688 1452 et
763 1409 882 1452 tam
956 1401 1149 1469 gravia
1214 1402 1271 1452 in
1337 1402 1524 1470 ipsum
1592 1420 1724 1453 mox
1788 1409 2056 1469 eruptura
2122 1402 2268 1454 mala

634 1487 989 1539 declinandi:
1059 1495 1343 1540 maturam
1391 1495 1445 1540 et
1509 1487 1782 1540 illustrem
1849 1487 2265 1555 poenitentiam,

633 1573 899 1642 operibus
957 1574 1253 1625 offensioni
1307 1574 1546 1642 publicae
1602 1572 1978 1626 satisfacturis
2032 1591 2091 1625 se
2143 1591 2266 1641 pro-

634 1661 893 1720 dentem;
950 1661 1256 1711 reddendis
1308 1660 1571 1712 videlicet
1626 1660 1899 1711 continuo
1953 1660 2099 1711 male
2145 1679 2266 1727 par-

632 1748 724 1810 tis,
804 1754 859 1800 et
938 1755 1145 1800 caetera
1216 1748 1379 1816 juxta
1456 1747 1816 1816 disciplinam
1898 1747 2265 1800 christianam

632 1833 982 1902 professione
1048 1833 1435 1902 resipiscentis
1476 1834 1694 1895 animi,
1757 1853 1823 1885 ac
1885 1853 2013 1885 cum
2068 1841 2265 1901 praete-

633 1923 740 1975 rita
803 1922 1014 1974 scelera
1076 1923 1422 1986 damnantis,
1487 1931 1607 1975 tum
1671 1923 2056 1975 innocentiam
2111 1922 2265 1991 polli-

634 2010 815 2063 centis
870 2011 924 2062 in
981 2020 1292 2078 posterum.

708 2098 767 2150 Si
843 2097 1008 2151 fuerit
1084 2098 1271 2150 adhuc
1348 2098 1473 2151 istic
1547 2101 1799 2170 Joannes
1873 2099 1942 2150 de
2017 2098 2263 2168 Artiaga,

633 2186 807 2238 nolim
874 2204 1002 2238 eum
1071 2187 1126 2237 in
1194 2187 1303 2239 ista
1369 2205 1467 2238 ora
1533 2187 1767 2254 patiaris
1832 2187 2075 2254 amplius
2138 2203 2264 2239 con-

633 2273 850 2335 sistere,
915 2281 1086 2341 atque
1150 2273 1312 2335 adeo,
1377 2282 1437 2325 ut
1501 2273 1632 2324 inde
1686 2271 1962 2325 facessere
2015 2279 2264 2341 cogatur,

634 2361 780 2411 serio
843 2361 1123 2412 denuncia
1184 2362 1398 2412 Cosmo
1453 2362 1522 2411 de
1580 2360 1770 2422 Paiva,
1826 2378 1895 2411 ne
1949 2360 2055 2428 ipsi
2108 2360 2265 2428 quid-

633 2465 805 2515 quam
868 2447 1137 2515 deinceps
1200 2447 1456 2515 pecuniae
1520 2448 1591 2497 ad
1653 2447 1868 2497 victum
1934 2445 2265 2497 necessariae

634 2541 926 2596 numeret,
1005 2535 1157 2601 quod
1225 2535 1455 2602 quidem
1523 2534 1837 2601 imputetur
1901 2533 2096 2594 nobiS‚
2173 2532 2265 2600 qui

634 2620 829 2688 utique
910 2638 1024 2671 non
1099 2619 1425 2687 judicamus
1506 2619 1770 2687 expedire
1848 2618 2057 2671 versari
2138 2635 2264 2670 eum

632 2707 876 2775 amplius
929 2707 985 2757 in
1040 2707 1149 2758 ista
1202 2707 1449 2775 regione.
2053 2759 2057 2766 ,

706 2796 955 2847 Vascum
1050 2795 1412 2847 Fernandem
1497 2794 1645 2847 hanc
1728 2794 1828 2847 tibi
1915 2794 2263 2847 redditurum

631 2883 930 2952 epistolam
1014 2883 1208 2952 excipe
1289 2882 1576 2951 hospitio;
1661 2883 1886 2934 confido
1966 2882 2116 2934 enim
2198 2880 2265 2932 de

633 2970 865 3023 Domini
940 2970 1045 3022 Dei
1114 2970 1291 3023 nostri
1358 2970 1712 3038 benignitate
1771 2970 1892 3038 jam
1959 2969 2014 3020 in
2080 2969 2263 3038 ipsum

629 3077 742 3109 non
817 3056 1142 3123 Vulgaribus
1215 3055 1413 3123 gratiis
1479 3055 1734 3122 expromi
1800 3063 2005 3123 coepta,
2073 3071 2262 3122 aggre-

629 3154 823 3212 gatum
901 3144 1050 3197 hunc
1126 3144 1189 3194 iri
1268 3144 1540 3194 Societati
1610 3152 1838 3198 nostrae.
1919 3142 2263 3196 Adolescens
