2768 3911
738 379 921 418 LIBER
962 381 1023 418 ΙΙ.
1046 396 1118 403 -·
1139 380 1431 419 EPISTOLA
1471 381 1545 419 IX.
1854 381 1956 433 113

330 535 417 570 me
458 512 611 581 capit
654 510 786 563 hinc
823 510 1110 564 evolandi:
1157 512 1291 580 quid
1335 511 1486 564 enim
1530 511 1774 581 amplius
1813 520 1955 565 tem-

328 620 430 675 pus
498 599 754 661 terimus,
826 598 973 651 inter
1038 597 1299 650 homines
1363 597 1756 651 securissimos
1815 597 1956 666 justi

329 694 615 759 respectus
680 685 884 749 omniS,
968 703 1072 738 nec
1141 684 1301 754 pensi
1369 684 1681 754 quidquam
1747 682 1957 738 habere

329 776 540 837 solit05‚
617 791 730 842 quo
803 772 1106 841 religioniS,
1173 790 1286 842 quo
1351 771 1675 841 reipublicae
1745 772 1958 825 damno

330 860 734 933 cupiditatibus
786 861 1172 930 obsequantur
1230 860 1346 913 suis
1361 879 1373 923 ;
1441 860 1757 929 praesertim
1820 878 1956 929 quo-

329 956 450 1005 r'um
491 947 786 1001 temeritas
843 947 1183 1015 impunitate
1226 948 1435 1000 alitur?
1506 948 1613 1001 Cui
1666 947 1818 1000 enim
1872 955 1957 1000 est

329 1041 647 1100 obscurum,
702 1035 749 1088 si
802 1035 1082 1105 castigati,
1137 1043 1198 1088 ut
1253 1041 1596 1099 meruerant,
1652 1052 1832 1104 nuper
1878 1033 1957 1087 fu-

329 1129 501 1181 issent
559 1124 654 1194 qui
712 1124 769 1176 in
841 1123 935 1175 illo
1009 1129 1315 1193 myoparone
1376 1122 1589 1177 furtum
1660 1123 1956 1192 impuden-

328 1214 610 1268 tissimum
668 1211 941 1273 fecerunt,
1004 1212 1312 1263 Lusitanos
1370 1211 1427 1263 in
1491 1229 1630 1263 ausa
1683 1229 1835 1264 nunc
1887 1210 1956 1263 si-

329 1300 481 1355 milia
529 1316 644 1351 non
695 1297 886 1351 fuisse·
921 1299 1326 1367 prorupturos?
1395 1298 1503 1350 Vix
1557 1298 1738 1351 aberit
1799 1297 1954 1367 quin,

328 1386 575 1440 irritatus
601 1383 813 1437 insultu
840 1392 959 1437 tam
988 1384 1232 1453 procaci,
1263 1384 1641 1437 Travancoris
1670 1402 1767 1436 rex
1793 1384 1954 1436 sinis-

328 1473 396 1527 tri
448 1471 659 1540 aliquid
712 1470 769 1522 in
823 1469 1164 1523 christianos
1209 1470 1315 1522 sibi
1363 1470 1624 1523 subditos
1661 1470 1954 1523 ‘consulat.

400 1558 626 1611 Scribas
670 1557 840 1609 velim
886 1556 1175 1625 praefectO,
1229 1575 1399 1624 quam
1456 1556 1596 1608 mihi
1650 1556 1953 1609 molestum

330 1644 593 1698 acciderit
662 1643 815 1696 istud
884 1643 942 1694 in
1012 1643 1299 1711 mancipio
1364 1643 1511 1711 regis
1576 1643 1956 1695 Travancoris

331 1735 712 1798 perpetratum
770 1727 1039 1796 plagium,
1100 1729 1172 1781 ob
1225 1729 1437 1781 damna
1489 1747 1615 1797 quae
1668 1729 1801 1781 inde
1853 1730 1954 1780 im-

332 1816 545 1869 minent
598 1815 864 1878 maxima,
919 1822 1126 1884 praeter
1178 1822 1444 1869 caeteram
1498 1815 1770 1869 invidiam
1824 1815 1955 1869 faci-

332 1902 480 1956 noris
532 1903 794 1972 improbi.
852 1905 978 1973 Ego
1030 1921 1174 1972 pene
1227 1902 1450 1955 decrevi
1498 1921 1790 1972 nunquam
1838 1921 1954 1955 am-

332 1988 473 2056 plius
536 1990 606 2043 de
670 1989 878 2044 talibus
943 1989 1215 2053 scribere;
1285 1991 1555 2060 quoniam
1617 1991 1711 2043 isti
1773 1990 1956 2043 facere

333 2076 479 2144 quod
540 2075 694 2129 lubet
754 2076 971 2139 volunt,
1035 2076 1230 2129 audire
1299 2078 1451 2146 quod
1520 2077 1780 2146 displicet
1842 2095 1956 2130 non

334 2163 638 2216 sustinent:
709 2164 871 2233 quasi
939 2163 1108 2216 faciat
1171 2163 1278 2215 illis
1336 2164 1601 2232 injuriam
1660 2164 1755 2233 qui
1809 2165 1957 2217 ausit

334 2247 562 2312 hiscere,
610 2251 746 2303 dum
790 2251 898 2319 ipsi
935 2251 1064 2319 jura
1109 2251 1302 2302 omnia
1344 2258 1691 2319 pervertunt.
1739 2250 1798 2303 Si
1842 2269 1956 2303 cer-

332 2342 390 2387 to
433 2337 689 2389 rescieris
734 2338 907 2390 istum
955 2338 1248 2390 hom-inem
1295 2357 1328 2390 a
1377 2338 1654 2391 Lusitano
1702 2345 1952 2407 captum,

335 2412 469 2473 essexe
519 2424 877 2487 Tutucurini,
948 2443 1048 2493 per
1111 2432 1388 2493 quantum
1437 2411 1586 2477 ⁴Deo
1649 2423 1954 2493 gratificari

335 2509 540 2574 studes,
595 2528 712 2575 orO,
767 2511 976 2581 raptim
1028 2519 1086 2565 te
1137 2513 1209 2564 ad
1262 2511 1594 2581 praefectum
1642 2511 1851 2574 confer,
1900 2519 1956 2564 et

335 2594 714 2652 efficacissime
767 2616 897 2653 cum
944 2616 1012 2653 eo
1058 2616 1178 2669 age,
1227 2607 1288 2653 ut
1334 2599 1558 2653 vinctus
1604 2600 1799 2653 statim
1848 2599 1953 2651 sol-

334 2690 508 2736 vatur.
556 2686 866 2739 Lusitanus
907 2694 1100 2740 autem
1144 2686 1239 2755 qui
1283 2705 1412 2739 eum
1457 2688 1691 2740 dederat
1734 2687 1791 2739 in
1833 2688 1952 2740 vin-

336 2769 472 2833 cula,
517 2773 707 2826 veniat
754 2773 865 2827 huc
911 2773 1230 2843 expositum
1278 2773 1414 2842 quid
1457 2781 1633 2842 petat,
1678 2781 1776 2827 aut
1820 2774 1956 2843 quid

333 2864 623 2921 queratur;
679 2859 981 2913 habebitur
1021 2861 1171 2911 enim
1216 2861 1361 2911 ratio
1400 2861 1544 2927 juris
1590 2860 1728 2927 erS,
1777 2879 1952 2928 quan-

335 2945 452 2994 tum
505 2945 608 2998 erit
661 2963 822 3015 opus,
871 2954 931 3000 ut
983 2946 1148 3015 plene
1200 2946 1276 2998 illi
1330 2947 1588 2999 satisfiat.

408 3028 790 3086 Probarentne
855 3033 1134 3096 Lusitani,
1199 3033 1245 3086 si
1309 3034 1443 3102 quid
1514 3034 1691 3086 Indus
1753 3034 1956 3103 aliquis

338 3126 460 3165 cum
537 3119 805 3188 quopiam
888 3120 1139 3189 ipsorum
1221 3119 1619 3173 controversiae
1701 3119 1953 3183 haberet,

1758 3216 1792 3275 8
