2645 3907
701 356 800 420 178
1057 368 1240 403 LIBER
1281 368 1343 403 11.
1365 383 1437 389 —
1459 368 1753 404 EPISTOLA
1791 367 1964 405 XXXII.

696 498 973 554 laetissimi
1039 515 1264 567 quoque
1326 497 1579 551 feruntur
1641 498 1843 552 nuntii.
1914 498 2045 552 Plus
2107 499 2176 552 de
2237 499 2323 555 his

697 586 868 640 modo
921 603 1036 638 non
1089 585 1294 648 dicam,
1350 585 1483 655 quia
1535 603 1700 654 spero
1749 604 1840 639 me
1887 593 2019 640 ante
2067 604 2320 641 mensem

694 682 1010 729 vertentem
1077 691 1512 743 congressurum
1577 682 1767 727 tecum
1793 692 1805 736 ;
1880 675 2109 743 quando
2174 676 2321 730 dabo

694 764 797 816 tibi
854 763 1122 830 legendas
1181 769 1415 813 cunctas
1473 761 1613 813 istas
1673 762 1744 812 ab
1800 764 2033 830 Europa
2084 762 2318 816 litteras,

769 851 858 901 Tu
916 847 1082 900 simul
1140 847 1286 899 hanc
1344 847 1643 916 epistolam
1702 847 1919 915 legeriS,
1975 847 2062 899 fac
2114 866 2214 899 oro
2266 857 2319 901 te

697 938 870 992 etiam
928 943 1098 1004 atque
1152 935 1344 998 etiam,
1399 953 1499 1003 per
1550 943 1827 1004 quantum
1883 937 2068 988 Deum
2125 937 2318 989 Domi-

697 1044 833 1077 num
887 1029 1143 1075 nostrum
1198 1040 1374 1084 amas,
1431 1028 1485 1075 et
1539 1021 1589 1074 ei
1635 1021 1935 1089 gratificari
1991 1022 2205 1085 studes,
2261 1031 2319 1078 ut

694 1109 960 1178 expedias
1001 1107 1272 1159 continuo
1311 1115 1367 1159 te
1408 1108 1477 1159 ad
1521 1109 1769 1160 eundum
1810 1108 2102 1161 visitatum
2148 1108 2317 1161 chris-

695 1197 884 1250 tianos
951 1212 1128 1246 novos
1194 1212 1336 1262 quos
1389 1193 1446 1244 in
1499 1212 1595 1245 ora
1650 1194 1938 1246 maritima
1998 1195 2316 1247 Travanco-

696 1285 772 1337 ris
830 1300 1008 1352 nuper
1064 1281 1348 1350 baptizavi
1405 1280 1696 1349 plurimos.
1755 1283 1822 1332 In
1875 1281 2109 1350 singulis
2161 1284 2318 1351 pagis

696 1370 918 1425 scholas
974 1368 1225 1431 institue,
1281 1386 1393 1436 quo
1445 1368 1660 1436 parvuli
1715 1368 2028 1437 disciplinae
2081 1386 2318 1437 capaces

695 1456 949 1525 quotidie
1012 1462 1302 1522 cogantur,
1366 1454 1674 1521 praeposito
1738 1454 2010 1522 magistro
2069 1456 2163 1522 qui
2222 1475 2318 1508 eos

696 1545 916 1597 doceat.
984 1543 1049 1592 In
1111 1540 1278 1608 hujus
1340 1540 1629 1602 minerval,
1694 1548 1749 1592 et
1812 1540 1858 1591 si
1919 1559 2087 1609 quem
2146 1541 2314 1594 alium

697 1631 819 1681 haec
881 1627 1164 1678 institutio
1226 1635 1515 1693 sumptum
1580 1627 1844 1694 requiret,
1906 1626 2072 1679 tollas
2129 1635 2315 1680 tecum

695 1734 918 1777 cense0‚
949 1734 1015 1767 ex
1059 1713 1301 1782 pecunia
1346 1712 1403 1765 in
1447 1713 1502 1765 id
1549 1713 1817 1781 seposita,
1858 1714 2043 1783 fanoes
2089 1722 2316 1768 centum

695 1803 1123 1874 quinquaginta.
1186 1804 1332 1852 Eam
1391 1820 1675 1852 summam
1730 1801 2029 1869 disperties
2081 1802 2314 1854 ludima-

695 1892 883 1960 gistris
952 1908 1051 1959 per
1119 1907 1295 1958 pagos
1366 1889 1632 1958 singUIOS‚
1699 1889 1793 1940 ubi
1858 1908 1955 1941 eos
2020 1889 2316 1942 inchoasse

689 1979 810 2047 jam
868 1976 1178 2045 negotium,
1239 1983 1292 2029 et
1351 1983 1544 2029 tenere
1604 1976 1859 2029 ordinem
1917 1977 2143 2041 videriS,
2198 1978 2313 2031 nul-

694 2068 810 2119 lum
885 2064 1080 2116 abiens
1154 2062 1438 2130 relinquas
1513 2062 1601 2115 cui
1669 2082 1781 2115 non
1848 2082 1963 2116 suae
2028 2064 2315 2132 pensionis

693 2162 913 2223 partem
980 2151 1381 2212 numeraveris,
1449 2170 1561 2218 quo
1625 2151 1864 2202 alacrius
1928 2160 2165 2219 pergant
2181 2172 2193 2214 ;
2260 2162 2313 2204 et

599 2270 620 2286 -,
693 2241 764 2293 ad
818 2239 1170 2307 probandam
1224 2253 1473 2304 operam,
1530 2244 1761 2288 ostenso
1814 2238 2070 2305 profectu
2117 2256 2312 2307 puero-

692 2344 835 2388 rum,
908 2342 1036 2376 cum
1107 2321 1458 2384 redierimuS,
1526 2322 1857 2381 excitentur,
1924 2341 2023 2392 spe
2088 2324 2314 2393 insuper

693 2415 969 2467 invitante
1049 2419 1301 2479 quaestus
1374 2409 1671 2462 ulterioris.
1774 2410 2003 2463 Nullum
2084 2412 2313 2464 omittas

696 2498 917 2566 mapale
985 2504 1109 2550 toto
1178 2495 1272 2548 illo
1335 2502 1539 2557 tractU,
1607 2503 1854 2563 quantus
1918 2503 2074 2564 patet
2140 2514 2313 2565 usque

694 2588 766 2640 ad
843 2583 1151 2638 Piscariam
1227 2582 1519 2651 majorem,
1596 2581 1690 2634 ubi
1765 2580 1886 2635 haec
1956 2572 2308 2650 parvulorum

694 2671 1087 2727 conventicula
1156 2669 1489 2737 quotidiana
1558 2688 1672 2720 non
1742 2678 1797 2721 et
1862 2689 2112 2737 praesens
2176 2670 2311 2722 cele-

694 2759 962 2822 braveriS‚
1029 2766 1084 2811 et
1150 2756 1263 2826 qui,
1328 2763 1385 2809 te
1450 2756 1702 2819 absente,
1769 2756 2101 2809 continuent
2166 2764 2313 2809 recte

695 2846 1026 2919 provideris.
1105 2847 1170 2897 In
1243 2852 1403 2897 tuum
1480 2844 1656 2913 ipsius
1729 2845 1942 2896 victum
2018 2845 2312 2914 pecuniam

696 2935 942 3003 accipias
994 2952 1027 2985 a
1077 2931 1364 3000 praefecto.

773 3023 1082 3087 Manapare
1134 3025 1309 3070 tonum
1362 3035 1550 3068 sumes
1604 3017 1697 3084 qui
1750 3025 1806 3069 te
1859 3019 2310 3086 Careapatanum

696 3106 958 3178 perferat.
1024 3105 1135 3158 Sed
1197 3103 1326 3155 illuc
1387 3111 1693 3170 antequam
1752 3103 2020 3171 appellaS,
2080 3104 2312 3156 deflecte
