2815 3911
721 372 901 409 LIBER
944 374 979 409 I.
1002 390 1074 396 —
1096 375 1386 412 EPISTOLA
1429 375 1464 411 I.
1886 373 1918 425 7

281 502 538 564 creveriS,
597 504 798 555 eodem
853 505 946 557 illo
999 524 1192 573 quaeso
1244 507 1419 559 utaris
1472 504 1786 573 largitionis
1834 522 1916 556 se-

280 598 511 659 questro
568 598 700 644 tuae.
770 592 900 644 Non
955 601 1038 646 est
1100 593 1190 646 ille
1245 593 1476 662 quidem
1539 592 1649 646 huc
1707 591 1915 645 reditu-

281 697 390 740 rus,
446 688 506 728 ut
559 698 592 728 a
644 689 700 729 te
753 691 989 749 accepta
1039 683 1327 732 Lutetiam
1375 684 1446 731 ad
1503 701 1593 730 me
1639 679 1914 748 perferat:

281 773 548 820 caeterum
609 766 780 821 habet
843 768 898 820 in
958 777 1241 838 potestate
1302 770 1453 822 viam
1517 776 1733 821 certam
1806 785 1918 837 qua

280 853 503 922 quidvis
561 855 633 907 ad
692 873 796 908 nos
853 856 1136 910 tutissime
1191 857 1564 911 transmittat.
1627 857 1742 914 Dat
1802 872 1916 908 me-

280 959 407 995 cum
472 959 704 1010 operam
770 943 827 995 in
892 943 997 997 hac
1062 946 1195 997 urbe
1261 944 1464 997 studiis
1521 943 1748 1012 juvenis
1825 941 1916 994 Al-

283 1029 633 1081 masanensis
700 1016 838 1083 mihi
902 1031 1136 1094 amicus,
1203 1033 1275 1084 ad
1341 1050 1510 1100 quem
1577 1032 1751 1083 domo
1805 1037 1916 1082 sta-

280 1116 369 1178 tis,
425 1123 480 1166 et
521 1134 813 1185 nunquam
862 1117 1183 1170 fallentibus
1240 1118 1610 1187 pensionibus
1659 1109 1939 1168 necessa->

282 1203 361 1256 ria
424 1204 663 1272 pecunia
715 1205 990 1273 pervenit.
1062 1207 1117 1258 Is
1170 1206 1387 1258 litteras
1441 1222 1569 1258 cum
1625 1205 1914 1256 mandatis

281 1289 563 1342 tractandi
623 1290 834 1358 negotii
894 1291 1188 1359 cujusdam
1250 1290 1632 1359 proficiscenti
1698 1291 1769 1342 D.
1839 1291 1916 1341 M.

286 1375 508 1441 Ignatio
565 1377 636 1428 ad
703 1384 920 1444 patrem
982 1395 1145 1429 suum
1207 1378 1381 1440 dedit,
1442 1394 1683 1445 quarum
1746 1393 1919 1427 causa

282 1461 699 1514 reddendarum·
758 1462 908 1515 idem
974 1483 1006 1516 a
1063 1472 1119 1517 te
1185 1463 1484 1516 discedens
1545 1462 1915 1514 Almasanum

282 1557 364 1599 est
434 1548 632 1599 iturus.
719 1551 1051 1612 Committe,
1121 1569 1314 1618 quaeso
1385 1559 1460 1611 te,
1534 1549 1916 1616 proficiscenti

281 1634 550 1701 quidquid
626 1637 697 1686 ad
778 1654 867 1687 me
938 1637 1192 1703 pecuniae
1265 1637 1545 1703 perlatum
1614 1635 1720 1685 vis.
1817 1635 1917 1684 Ille

282 1726 542 1772 cunctam
607 1721 717 1773 fide
779 1739 1002 1774 summa
1064 1722 1310 1790 deponet
1373 1721 1429 1774 in
1492 1721 1756 1774 manibus
1817 1719 1915 1772 ho·

282 1806 425 1856 nesti
479 1807 905 1859 Almasanensis
958 1809 1095 1859 civis
1147 1809 1399 1875 parentis
1451 1809 1573 1875 ejus
1626 1808 1737 1859 mei
1784 1826 1915 1859 con-

281 1893 557 1960 discipuli,
627 1895 696 1944 de
762 1911 874 1961 quo
943 1894 1073 1956 dixi,
1141 1894 1235 1962 qui
1302 1912 1413 1962 qua
1475 1894 1567 1944 via
1631 1893 1747 1943 filio
1812 1911 1916 1943 suo

281 1994 473 2030 curare
538 1979 709 2031 annui
775 1979 958 2032 victus
1012 1980 1304 2032 mercedes
1358 1980 1518 2041 solet,
1573 1980 1793 2041 eadem,
1861 1986 1916 2031 et

281 2064 397 2131 pari
451 2086 654 2132 genere
710 2074 973 2127 monetae,
1023 2087 1193 2133 quam
1249 2065 1487 2116 minimo
1534 2063 1912 2116 intertrimen-

280 2160 338 2203 to
403 2171 666 2215 versurae‚
736 2154 1068 2221 pensionem
1137 2172 1170 2203 a
1236 2161 1292 2203 te
1361 2151 1499 2202 mihi
1567 2151 1912 2202 destinatam

282 2238 494 2291 mittet:
551 2257 683 2291 nam
746 2239 854 2291 hoc
906 2257 1035 2291 eum
1090 2247 1149 2291 ut
1208 2239 1396 2300 faciat,
1452 2238 1652 2290 iisdem
1714 2238 1918 2290 litteris

282 2323 455 2392 ipsius
514 2326 679 2388 filius,
740 2345 868 2378 meo
929 2334 1149 2394 rogatu,
1207 2324 1506 2393 diligenter
1565 2323 1727 2392 petit.
1796 2324 1915 2376 Oro

281 2412 449 2463 etiam
511 2422 682 2480 atque
742 2414 915 2465 etiarn
983 2432 1052 2464 ne
1113 2423 1313 2464 nactus
1378 2412 1736 2463 occasionem
1796 2419 1914 2462 tam

286 2514 494 2550 securae
559 2500 1009 2551 transmissionis
1077 2516 1481 2549 consenescere
1547 2515 1637 2546 me
1705 2496 1918 2547 diutius

285 2582 337 2634 in
392 2586 599 2639 misera
652 2587 805 2639 sinas
858 2586 1067 2654 inopia.

358 2673 422 2723 In
492 2674 658 2725 rebus
736 2673 827 2724 hic
909 2673 1117 2724 nostris
1200 2670 1529 2723 domesticis
1610 2669 1750 2719 nihil
1820 2668 1915 2719 ha-

283 2757 387 2810 beo
453 2777 797 2828 magnopere
864 2776 1013 2812 nunc
1083 2759 1311 2826 quidem
1380 2757 1592 2825 scriptu
1660 2756 1915 2824 dignum,

283 2854 485 2909 praeter
537 2845 728 2914 fugam
783 2866 849 2897 ex
902 2845 1007 2897 hac
1061 2844 1354 2896 academia
1410 2841 1733 2895 consobrini
1790 2859 1917 2893 nos-

283 2933 369 2995 tri,
431 2951 600 3002 quam
666 2943 723 2987 ut
784 2952 908 2986 sero
971 2934 1227 3002 cognovi,
1289 2931 1566 2984 curriculo
1629 2930 1919 2981 insecutus
1984 2923 1987 2926 ⁴

282 3035 423 3082 sum,
491 3041 748 3090 puerum,
812 3021 856 3073 si
915 3039 1149 3089 ‘possem
1229 3018 1471 3087 assequi,
1551 3024 1916 3070 retracturus

283 3107 392 3161 vSed
454 3110 659 3169 frustra
720 3111 1016 3163 contendi:
1074 3109 1365 3177 pervolato
1419 3104 1569 3159 enim
1633 3105 1920 3157 velocibus
