2768 3911
650 373 834 412 LIBER
873 374 935 412 11.
957 391 1030 398 --·
1050 374 1341 413 EPISTOLA
1378 374 1432 413 V.
1788 374 1857 427 93

237 508 449 568 venire;
513 504 683 573 idque
743 505 814 557 ab
879 523 1008 573 rege
1070 523 1170 573 per
1229 504 1449 558 litteras
1499 503 1642 573 petit
1693 495 1859 557 vehe-

240 601 472 654 menter.

306 677 642 747 Complures
694 677 782 729 his
827 678 966 730 locis
1012 678 1084 729 ob
1130 678 1188 730 id
1236 695 1410 729 unum
1458 679 1631 729 modo
1683 677 1856 729 chris-

237 766 371 825 tiani
431 781 546 818 non
606 763 768 826 fiunt,
831 764 983 832 quod
1045 764 1283 827 desint,-
1321 764 1416 832 qui
1486 781 1585 817 eos
1647 763 1857 817 faciant

239 852 590 910 christianos.
657 849 799 902 Mihi
860 869 993 903 vero
1053 868 1307 918 persaepe
1368 850 1525 904 venit
1582 850 1640 902 in
1706 868 1859 903 men-

239 952 350 997 tem
420 938 634 990 circum
709 938 956 1005 Europae
1028 937 1372 998 academiaS,
1441 955 1508 988 ac
1578 935 1862 1004 praecipue

244 1025 614 1083 Parisiensem
671 1041 916 1086 cursare,
977 1031 1032 1076 et
1092 1023 1275 1075 insani
1333 1023 1444 1076 ritu
1502 1023 1738 1092 passim,
1768 1041 1863 1075 vo-

242 1112 480 1174 ciferari3
530 1129 759 1180 eosque,
804 1112 900 1180 qui
945 1111 1220 1163 doctrinae
1263 1111 1390 1179 plus
1432 1111 1645 1163 habent
1692 1128 1864 1179 quam

243 1198 548 1261 charitatiS,
604 1197 692 1250 his
746 1196 1087 1265 compellare
1138 1197 1350 1250 verbis:
1406 1198 1533 1250 Heu
1583 1215 1741 1267 quam
1785 1198 1866 1249 in-

240 1306 356 1357 gens
410 1285 711 1337 animorum
764 1301 1009 1336 numerus
1065 1288 1227 1336 vestro
1285 1283 1414 1336 vitio
1465 1283 1694 1337 exclusus
1745 1283 1867 1336 coelo

242 1372 537 1426 deturbatur
603 1370 673 1421 ad
739 1369 964 1437 inferos!
1037 1368 1276 1422 Utinam
1346 1368 1423 1421 illi
1493 1369 1863 1437 quemadmo-

244 1461 373 1513 dum
426 1458 483 1508 in
535 1455 771 1518 litteraS‚
826 1455 906 1507 ita
958 1455 1014 1507 in
1067 1455 1215 1507 hanc
1271 1474 1497 1524 quoque
1545 1474 1738 1508 curam
1786 1454 1867 1507 in-

247 1546 588 1605 cumberent,
652 1550 713 1594 ut
775 1543 1010 1593 reddere
1074 1543 1199 1593 Deo
1266 1551 1499 1610 possent
1571 1542 1865 1604 doctrinae,

247 1633 699 1700 creditorumque
764 1630 1110 1683 talentorum
1182 1631 1483 1683 rationem.
1560 1630 1870 1683 Enimvero

245 1720 475 1772 istorum
528 1717 756 1787 plurimi
802 1717 910 1769 hac
955 1717 1302 1785 cogitatione
1355 1718 1648 1781 commoti,
1696 1735 1869 1787 appo-

246 1805 362 1860 sitis
406 1823 594 1858 rerum
638 1803 958 1857 divinarum
1005 1803 1491 1868 meditationibuS,
1540 1811 1864 1858 exercerent

247 1911 320 1955 se,
376 1900 436 1945 ut
493 1892 753 1953 audirent,
812 1891 939 1959 quid
993 1891 1051 1942 in
1107 1891 1178 1943 eis
1236 1891 1525 1960 loqueretur
1582 1890 1865 1953 DominuS,

251 1979 472 2047 suisque
524 1977 952 2046 cupiditatibus,
1005 1995 1071 2028 ac
1118 1978 1285 2028 rebus
1331 1976 1597 2029 humanis
1642 1976 1871 2044 postha-

248 2064 391 2126 bitis,
450 2082 510 2115 se
567 2071 721 2116 totos
782 2064 854 2114 ad
918 2064 1025 2114 Dei
1088 2071 1289 2115 nutum
1348 2072 1520 2131 atque
1572 2063 1868 2115 arbitrium

250 2148 534 2216 fingerent.
604 2149 934 2202 Clamarent
994 2149 1189 2217 utique
1247 2167 1314 2200 ex
1373 2150 1592 2201 animo:
1646 2149 1875 2201 Domine

252 2250 349 2286 ecce
407 2236 608 2298 adsum,
672 2235 814 2288 mitte
878 2253 971 2298 me,
1045 2253 1356 2304 quocumque
1418 2236 1518 2287 tibi
1575 2235 1719 2287 cordi
1783 2241 1871 2296 est,

249 2320 322 2371 vel
383 2340 535 2390 usque
602 2322 659 2373 in
725 2321 960 2373 Indiam.
1033 2322 1142 2373 Pro
1216 2322 1402 2373 Deum
1464 2319 1866 2382 immortalem,

252 2416 458 2475 quanto
530 2408 806 2461 laetiorem
881 2407 958 2459 illi
1035 2408 1421 2477 tutioremque
1485 2407 1662 2460 vitam
1725 2407 1873 2459 vive-

253 2495 393 2546 rent!
464 2496 695 2564 Quanto
757 2496 972 2563 majore
1035 2496 1241 2548 divinae
1296 2496 1614 2548 clementiae
1666 2495 1874 2547 fiducia

257 2593 534 2635 summum
589 2581 789 2651 judicii
852 2581 999 2635 illius
1062 2582 1389 2645 discrimen,
1452 2582 1605 2651 quod
1658 2582 1874 2634 subter-

189 2689 199 2705 ε
256 2663 435 2733 fugere
500 2688 670 2721 nemo
738 2677 947 2737 potest,
1011 2676 1264 2721 extremo
1332 2669 1533 2737 spiritu
1592 2668 1872 2721 subirent!

256 2751 540 2823 Siquidem
603 2756 757 2808 illam
819 2755 1128 2826 evangelici
1190 2756 1335 2807 servi
1400 2755 1661 2806 alacriter
1718 2772 1875 2805 usur-

257 2848 448 2904 parent
508 2859 735 2897 vocem:
804 2843 1033 2896 Domine
1085 2844 1307 2913 quinque
1360 2843 1556 2895 talenta
1608 2842 1879 2894 tradidisti

258 2923 399 2988 mihi,
458 2946 561 2981 ecce
623 2929 735 2982 alia
765 2975 767 2977 .
795 2929 1017 2997 quinque
1078 2929 1455 2998 superlucratus
1513 2946 1646 2980 sum.
1709 2929 1878 2997 Quod

258 3007 299 3060 Si
349 3022 625 3080 quantum
688 3015 809 3069 dies
871 3023 1182 3084 noctesque
1242 3014 1553 3078 elaborant,
1616 3014 1673 3067 in
1726 3032 1878 3068 com-

258 3098 653 3162 prehendenda
690 3124 877 3158 rerum
919 3105 1174 3168 scientia,
1217 3104 1577 3158 tantumdem
1610 3103 1665 3155 in
1697 3101 1879 3156 solido
