2815 3911
745 358 928 395 LIBER
970 359 1055 396 111.
1078 376 1149 381 —
1171 361 1463 399 EPISTOLA
1504 361 1589 398 ΙΙΙ.
1879 362 1980 416 197

361 514 463 559 me,
531 490 800 561 quoniam
882 491 937 543 in
1018 492 1251 546 fratrum
1314 502 1637 547 nostrorum
1700 494 1794 563 qui
1867 496 1979 547 Ro-

361 601 482 645 mae,
547 579 755 648 quique
817 579 874 630 in
940 580 1236 633 Lusitania
1298 582 1529 650 degunt,
1585 582 1709 634 loco
1762 599 1829 634 ac
1881 600 1979 634 nu-

361 686 511 724 mero
575 665 763 734 ipsum
829 665 1030 730 habeo,
1098 667 1452 722 existimasse
1517 685 1658 738 quas
1724 669 1796 722 ad
1857 668 1981 722 illos

361 760 431 808 do
505 754 741 814 litteraS‚
820 754 891 804 ad
971 753 1155 820 ipsum
1233 773 1458 821 quoque
1531 754 1840 824 pertinere;
1916 773 1982 808 ac

360 849 655 912 propterea
708 841 1013 908 separatim
1068 841 1117 891 ei
1171 859 1284 892 non
1343 841 1653 909 scripsisse.

432 928 591 980 Idem
645 927 988 993 persuadeas
1053 926 1219 979 velim
1268 927 1500 996 singulis
1561 928 1797 981 fratrum
1853 946 1979 980 nos-

358 1024 569 1067 trorum
625 1011 720 1080 qui
775 1011 903 1064 istic
956 1019 1144 1064 tecum
1200 1022 1348 1075 sunt,
1402 1013 1663 1066 videlicet
1720 1032 1849 1066 eum
1897 1031 1979 1066 es-

359 1121 416 1156 se
477 1117 665 1153 meum
724 1117 856 1168 erga
918 1118 1200 1169 quemque
1262 1102 1513 1169 ipsorum
1575 1119 1828 1173 amor-em
1889 1120 1979 1153 ve-

359 1206 496 1249 rum,
574 1193 634 1239 ut
708 1186 933 1254 proprie
1008 1187 1310 1256 unicuique
1382 1187 1693 1256 scripturus
1759 1188 1978 1252 fuerim,

358 1275 461 1327 nisi
527 1291 699 1325 unam
766 1273 932 1325 istam
1002 1273 1302 1342 epistolam
1368 1273 1424 1324 in
1490 1273 1733 1325 solidum
1799 1273 1978 1342 impu-

357 1362 588 1413 tandam
633 1355 893 1421 cuilibet,
955 1369 1008 1430 et
1068 1362 1147 1414 sic
1204 1362 1386 1413 vicem
1446 1361 1749 1413 multarum
1809 1361 1979 1413 confi-

358 1449 545 1498 derem
616 1444 958 1506 habituram,
1032 1445 1152 1497 utili
1223 1446 1377 1512 ipsis,
1451 1445 1589 1497 mihi
1654 1445 1977 1498 necessario

359 1530 712 1597 compendio.

429 1618 583 1683 Quas
644 1614 855 1680 gratias
913 1625 967 1667 et
1030 1616 1418 1681 Indulgentias
1471 1617 1542 1669 ad
1596 1633 1864 1683 magnum
1918 1634 1978 1670 u-

358 1719 477 1753 sum
532 1702 733 1753 harum
787 1704 1099 1769 regionum,
1155 1704 1404 1754 instante
1450 1711 1709 1771 praetore,
1759 1701 1976 1754 dudum

357 1788 628 1857 petendas
685 1790 867 1841 Roma
923 1788 1131 1851 curavi,
1186 1790 1255 1842 de
1309 1789 1512 1857 quibus
1565 1796 1620 1842 et
1667 1788 1774 1843 hoc
1826 1805 1978 1842 anno

357 1879 425 1930 ad
498 1896 686 1947 regem
764 1879 965 1942 scribo,
1043 1897 1179 1947 rogo
1252 1886 1326 1941 te,
1398 1896 1499 1947 pro
1564 1896 1630 1929 eo
1695 1883 1971 1946 quantum

358 1967 801 2019 consolationem
861 1985 926 2019 ac
985 1968 1302 2035 profectum
1361 1967 1541 2018 fidelis
1597 1966 1796 2018 harum
1849 1985 1976 2035 par-

356 2053 495 2105 tium
561 2055 753 2123 populi
819 2056 996 2124 cupis,
1069 2063 1459 2123 quantumque
1525 2055 1649 2105 Deo
1726 2052 1975 2105 Domino

358 2148 548 2192 nostro
612 2142 916 2208 gratificari
978 2150 1149 2210 atque
1211 2142 1444 2209 obsequi
1507 2142 1720 2204 studeS,
1786 2141 1858 2192 da
1919 2158 1974 2191 o-

358 2244 546 2292 peram
610 2229 761 2297 apud
823 2247 1031 2297 regem,
1095 2236 1156 2281 ut
1218 2228 1264 2280 is
1327 2226 1663 2290 meminerit,
1729 2232 1784 2278 et
1844 2225 1976 2278 velit

358 2331 454 2376 per
525 2334 690 2367 suum
769 2317 969 2368 Romae
1044 2323 1325 2368 oratorem
1402 2332 1595 2366 earum
1671 2312 1977 2380 expeditio-

359 2417 484 2452 nem
551 2403 752 2471 urgeri.
818 2405 948 2473 Jam
1015 2410 1146 2454 ante
1211 2401 1315 2452 hos
1379 2418 1559 2452 annos
1624 2400 1856 2467 aliquot,
1924 2406 1979 2448 et

359 2485 557 2539 iterum
624 2488 732 2541 hoc
794 2507 962 2551 ann0‚
1026 2488 1224 2556 scripsi
1285 2489 1355 2541 ad
1420 2489 1480 2540 P.
1547 2487 1849 2554 Ignatium,
1918 2493 1978 2538 ut

359 2573 619 2643 impetret
667 2597 699 2630 a
749 2581 987 2630 Summo
1042 2577 1317 2629 Pontifice
1369 2594 1479 2627 arae
1528 2572 1788 2626 maximae
1838 2579 1977 2625 tem-

358 2659 430 2727 pli
496 2664 683 2716 Goani
749 2683 861 2733 quo
925 2666 1131 2718 Sanctae
1193 2664 1351 2716 Fidei
1415 2661 1711 2730 collegium
1785 2661 1977 2723 utitur,

357 2749 707 2820 privilegium
772 2754 893 2822 ejus
956 2752 1246 2822 geminum
1313 2769 1424 2819 quo
1496 2748 1710 2816 aliquot
1779 2749 1977 2799 Romae

359 2835 553 2889 altaria
623 2839 891 2906 insignita
960 2846 1109 2899 sunt,
1176 2839 1247 2888 ad
1313 2854 1438 2904 quae
1502 2837 1726 2903 quoties
1798 2835 1979 2902 quivis

360 2924 620 2976 sacerdos
683 2925 871 2977 missae
934 2922 1272 2977 sacrificium
1336 2922 1515 2984 offert,
1580 2921 1752 2974 toties
1811 2936 1980 2973 unam

360 3011 726 3075 purgantibus
788 3011 1035 3063 flammis
1097 3010 1347 3062 animam
1413 3009 1630 3061 liberat.
1697 3007 1756 3060 Si
1813 3015 1867 3060 et
1920 3014 1981 3058 tu

361 3094 519 3150 nobis
581 3098 652 3152 ad
715 3098 977 3151 effectum
1041 3096 1208 3165 hujus
1270 3095 1385 3148 voti
1451 3093 1703 3148 conferre
1772 3091 1980 3163 aliquid
