2815 3911
636 383 818 420 LIBER
859 385 1310 423 1.—EPISTOLA
1352 386 1429 422 Iv.
1783 382 1851 435 25

220 532 343 585 quae
413 520 512 567 tua
583 531 743 567 mens
810 514 882 568 sit
950 514 1097 569 circa
1164 515 1405 569 formam
1474 513 1852 569 institutionis

219 603 355 671 erS,
411 601 760 670 modumque
813 602 869 654 in
931 622 996 655 ea
1047 603 1419 671 procedendi3
1474 611 1598 656 tum
1660 603 1731 654 de
1784 621 1853 654 eo

218 687 309 758 qui
377 686 470 740 isti
537 688 961 756 congregationi
1032 689 1373 757 praefuturus
1441 696 1526 742 est
1542 708 1554 751 3
1626 707 1852 757 quaque

217 774 437 830 sodales
490 774 791 843 disciplina
848 776 1028 828 teneri
1082 777 1289 829 debent
1347 783 1405 828 ut
1457 781 1681 828 crescant
1740 793 1850 827 ma-

209 862 290 932 gis
341 861 399 913 in
448 860 638 930 spiritu
692 880 849 929 quam
900 862 958 913 in
1010 862 1228 915 litteris.-
1290 870 1351 914 ut
1414 880 1541 914 cum
1601 860 1849 929 alloque-

216 965 339 1001 mur
421 965 630 1017 regem,
715 947 765 1000 ei
849 966 1199 1018 exponamus
1279 949 1505 1003 vivendi
1591 948 1847 1013 modum,

213 1052 379 1102 quem
446 1035 797 1088 observaturi
862 1035 973 1088 sint
1039 1035 1133 1102 qui
1199 1035 1256 1087 in
1321 1035 1531 1088 nostris
1597 1034 1848 1101 collegiis

212 1140 436 1190 operam
492 1120 696 1173 litteris
749 1121 993 1174 dabunt:
1050 1141 1162 1191 quo
1208 1122 1278 1173 de
1329 1130 1455 1174 toto
1508 1127 1848 1190 argumento

138 1223 142 1226 ·
212 1207 376 1259 scribi
429 1225 462 1259 a
513 1215 570 1259 te
615 1209 685 1259 ad
741 1225 845 1259 nos
897 1207 1017 1260 fuse
1069 1208 1358 1276 pervelim.
1428 1210 1559 1260 Non
1605 1214 1844 1275 apparet

209 1292 550 1347 obstiturum
606 1293 938 1361 quidquam,
1000 1293 1305 1361 quominus
1358 1292 1469 1348 illic
1532 1292 1847 1347 aedificetur

206 1379 407 1431 domus
505 1378 852 1447 excipiendis
945 1379 1231 1446 magistris
1311 1386 1366 1431 et
1460 1377 1841 1439 scholaribus3

207 1466 318 1516 imo
389 1473 444 1517 et
518 1465 641 1517 aliae
714 1467 920 1518 domus
990 1467 1236 1518 instituti
1308 1467 1506 1518 nostri.
1594 1466 1842 1518 Multum

205 1550 441 1604 libenter
492 1552 587 1619 qui
645 1550 737 1604 hic
791 1559 922 1605 sunt
981 1551 1229 1606 facerent
1288 1552 1452 1605 nobis
1511 1552 1732 1615 domOS,
1796 1549 1841 1604 si

206 1638 468 1690 adessent
522 1638 617 1709 qui
670 1658 766 1690 eas
822 1638 1151 1690 incolerent.

274 1727 597 1795 Episcopus
657 1728 875 1780 amicus
946 1735 1139 1780 noster
1212 1727 1349 1780 dixit
1413 1727 1577 1779 nobis
1650 1743 1839 1795 regem

204 1812 454 1865 nondum
512 1812 679 1881 plane
737 1812 1101 1867 constituisse
1153 1803 1237 1866 an
1287 1812 1562 1866 missurus
1616 1830 1720 1865 nos
1782 1811 1839 1865 in

205 1899 394 1951 Indlas
448 1900 537 1962 sit,
599 1900 750 1967 quod
804 1899 880 1951 illi
933 1900 1193 1952 videatur
1250 1918 1356 1952 nos
1391 1898 1505 1952 'hic
1559 1917 1675 1951 non
1736 1899 1837 1967 mi-

202 2005 303 2037 nus
365 1988 673 2039 servituros
737 1989 1016 2039 Domino·
1051 1997 1247 2040 nostro
1305 2007 1477 2057 quam
1540 1988 1672 2040 illic.
1747 1990 1838 2038 In-

203 2073 464 2128 stiterunt
512 2075 625 2127 duo
679 2075 931 2143 episcopi
978 2092 1217 2143 quorum
1276 2074 1560 2128 contraria
1612 2081 1836 2127 senten-

203 2160 280 2212 tia
333 2170 437 2225 est,
498 2181 602 2213 nos
655 2163 807 2214 nulla
863 2163 1083 2214 ratione
1136 2162 1375 2213 detineri
1440 2161 1495 2212 in
1552 2161 1640 2213 his
1701 2161 1840 2213 locis

202 2249 421 2313 debere,
471 2251 570 2302 sed
619 2250 769 2303 mitti
817 2251 873 2302 in
924 2251 1146 2314 Indias3
1196 2251 1349 2319 quod
1398 2249 1649 2302 futurum
1698 2250 1839 2302 exis·

198 2335 397 2390 timent
451 2345 511 2391 ut
569 2337 741 2406 aliqui
795 2355 954 2406 reges
1007 2344 1430 2391 convertantur.
1475 2340 1478 2343 ’
1520 2339 1642 2391 Nos
1694 2353 1838 2390 sem-

199 2440 293 2490 per
350 2423 554 2478 intenti
615 2443 810 2478 sumus
863 2424 1242 2494 adjungendis
1299 2424 1464 2478 nobis
1518 2423 1716 2477 sociis:
1783 2431 1859 2485 et¹

198 2514 361 2565 credo
415 2532 527 2566 non
587 2514 898 2578 defuturOS,
953 2523 1122 2583 prout
1177 2532 1235 2566 se
1294 2533 1382 2566 res
1437 2514 1651 2566 sensim
1710 2530 1837 2582 pro·

196 2601 447 2653 cedendo
500 2602 780 2669 aperiunt.
850 2602 908 2653 Si
963 2602 1054 2654 hic
1107 2618 1523 2664 remaneamUS,
1573 2601 1833 2653 fundabi-

197 2702 317 2737 mus
386 2687 605 2756 aliquas
678 2688 900 2739 domos.
990 2688 1236 2740 Facilius
1313 2687 1665 2755 reperientur
1741 2687 1836 2755 qui

196 2783 568 2841 aggregentur
621 2775 785 2826 nobis
837 2777 909 2826 ad
963 2775 1054 2826 hic
1109 2777 1476 2836 manendum,
1538 2793 1710 2841 quam
1764 2776 1836 2825 ad

195 2854 283 2909 illo
336 2862 605 2913 eundum.
676 2862 734 2913 Si
793 2870 986 2913 tamen
1042 2862 1327 2924 iverimus,
1390 2870 1445 2913 et
1502 2863 1659 2912 Deus
1721 2863 1836 2912 Do-

194 2945 375 3000 minus
421 2956 620 3000 noster
661 2948 923 3000 annuerit
971 2948 1135 3000 nobis
1182 2948 1398 3017 aliquot
1445 2966 1627 2999 annos
1678 2947 1835 3011 vitae,

193 3029 554 3087 instituemus
625 3053 753 3087 cum
827 3035 1034 3087 auxilio
1102 3036 1357 3105 ejusdem
1435 3035 1541 3088 Dei
1612 3035 1831 3105 aliquas

193 3118 389 3174 domos
442 3123 588 3176 inter
653 3124 827 3176 Indos
881 3130 936 3176 et
994 3122 1318 3191 AEthiopaS.
