2768 3911
679 358 862 400 LIBER
903 364 1374 402 IL—EPISTOLA
1417 364 1477 401 11.
1833 350 1900 417 69

268 494 435 563 igitur
507 492 616 546 huc
691 494 835 556 veni,
912 494 1356 563 haudquaquam
1430 495 1675 547 cessavi:
1743 494 1901 547 vicos

266 581 457 636 sedulo
504 580 903 642 circumibam3
960 600 1165 649 pueros
1212 600 1412 633 omnes
1462 582 1717 633 nondum
1764 582 1900 649 bap-

263 670 465 741 tizatos
539 686 699 720 sacra
773 667 1069 720 abluebam
1149 687 1314 737 aqua.
1405 670 1607 736 Itaque
1678 686 1899 736 perma-

262 772 432 826 gnum
486 754 787 807 infantium
847 773 1145 806 numerum
1201 756 1441 824 expiavi,
1497 755 1612 823 qui,
1668 763 1728 806 ut
1784 755 1896 806 dici

264 844 419 905 solet,
501 842 666 911 plane
748 843 1072 911 ignorarent
1151 844 1285 912 quid
1365 844 1666 895 interesset
1747 843 1895 894 inter

264 932 550 983 dexteram
604 938 659 982 et
713 929 1022 982 sinistram.
1104 931 1267 982 Pueri
1322 939 1514 983 autem
1570 948 1661 982 me
1714 947 1898 998 neque

262 1016 510 1070 divinum
559 1016 802 1069 officium
853 1017 1191 1086 persolvere,
1242 1036 1425 1086 neque
1473 1017 1664 1070 cibum
1711 1034 1896 1069 sume-

264 1123 335 1167 re,
390 1122 573 1173 neque
626 1104 876 1173 quietem
937 1123 1138 1172 capere
1201 1105 1482 1166 sinebant,
1547 1105 1735 1172 quoad
1798 1104 1894 1156 ali-

264 1208 427 1260 quam
498 1192 885 1259 precationem
953 1210 1050 1242 eos
1117 1192 1458 1243 docuissem.
1545 1192 1694 1243 Tum
1761 1210 1895 1243 vero

263 1277 466 1329 sentire
528 1279 676 1345 coepi
738 1279 926 1329 talium
978 1296 1076 1329 esse
1133 1296 1351 1346 regnum
1414 1280 1675 1329 caelorum.
1761 1279 1893 1328 Pro-

262 1364 387 1415 inde
452 1381 582 1416 cum
647 1372 767 1417 tam
833 1364 991 1432 pium
1062 1364 1414 1432 postulatum
1483 1382 1597 1416 non
1662 1382 1892 1432 possem

262 1449 363 1501 nisi
423 1449 595 1518 impie
653 1451 968 1518 repudiare,
1024 1450 1187 1502 initio
1243 1450 1394 1503 facto
1448 1469 1480 1503 a
1534 1450 1892 1503 confessione

262 1535 459 1598 Patris,
507 1536 654 1599 Filii,
703 1545 758 1589 et
809 1537 1052 1605 Spiritus
1101 1537 1301 1599 sancti,
1353 1537 1689 1606 Symbolum
1737 1539 1886 1605 Apo-

261 1622 549 1685 stolorum,
605 1623 892 1675 orationes
942 1625 1112 1675 Pater
1158 1632 1368 1686 noster,
1425 1632 1480 1675 et
1534 1625 1651 1675 Ave
1709 1624 1891 1676 Maria

260 1711 335 1760 eis
388 1710 763 1762 inculcabam.
830 1711 1223 1762 Animadverti
1277 1730 1485 1779 magna
1538 1712 1594 1762 in
1650 1711 1757 1762 illis
1810 1712 1890 1762 in-

259 1796 435 1863 genia,
491 1815 556 1849 ac
610 1797 655 1849 si
710 1796 871 1860 foret,
921 1797 1016 1866 qui
1070 1796 1395 1850 christianis
1443 1815 1540 1850 eos
1587 1791 1890 1866 praeCeptis

260 1882 601 1945 informaret,
658 1902 771 1935 non
826 1884 1041 1945 dubim,
1104 1884 1238 1951 quin
1298 1884 1533 1951 perboni
1593 1883 1887 1936 christiani

259 1978 442 2020 essent
496 1969 685 2029 futuri.

329 2057 414 2105 Ex
469 2056 669 2106 itinere
723 2056 778 2106 in
832 2055 1191 2107 ethnicorum
1246 2074 1455 2122 pagum
1517 2054 1738 2116 diverti,
1795 2055 1887 2106 ubi

258 2158 420 2193 nemo
497 2143 722 2194 volebat
800 2143 919 2194 fieri
993 2143 1355 2204 christianUS,
1431 2143 1536 2194 etsi
1612 2141 1888 2193 finitimos

257 2244 427 2295 pagos
475 2229 706 2281 Christo
753 2230 1054 2297 adjunctos
1095 2230 1370 2291 viderent,
1414 2229 1624 2297 quippe
1667 2229 1723 2279 in
1765 2228 1886 2280 eth-

258 2313 362 2366 nici
424 2315 598 2383 reguli
661 2315 878 2369 ditione
937 2333 995 2367 se
1058 2316 1324 2367 dicebant
1389 2333 1530 2377 esse,
1595 2315 1691 2383 qui
1755 2332 1887 2366 suos

256 2401 550 2469 populares
632 2401 846 2454 Christi
928 2420 1089 2454 sacra
1170 2401 1456 2469 suscipere
1541 2400 1886 2469 prohiberet.

260 2489 366 2542 Hic
425 2491 626 2543 mulier
682 2492 945 2560 quaedam
1005 2492 1076 2542 ad
1130 2491 1465 2559 pariendum
1519 2490 1724 2552 vicina,
1781 2499 1888 2542 ter-

255 2575 391 2629 tium
440 2579 559 2647 jam
616 2579 766 2631 diem
821 2588 1017 2647 partus
1071 2578 1400 2630 difficultate
1455 2578 1771 2640 laborabat,
1827 2587 1887 2631 ut

254 2679 284 2712 a
332 2665 523 2717 multis
573 2667 969 2733 desperaretur
1018 2666 1140 2732 ejus
1191 2665 1360 2716 salus.
1433 2666 1620 2732 Atque
1673 2673 1733 2716 ut
1784 2665 1886 2716 im-

254 2749 468 2814 piorum
525 2752 851 2820 imploratio
904 2752 1086 2803 invisa
1141 2760 1225 2803 est
1283 2753 1425 2813 Deo,
1480 2752 1725 2820 quoniam
1783 2770 1887 2802 om-

252 2852 328 2886 nes
402 2840 483 2889 dii
541 2840 777 2909 gentium
859 2840 1134 2899 daemonia,
1204 2857 1399 2889 eorum
1468 2857 1666 2905 preces
1735 2838 1886 2889 haud

253 2937 534 2992 quaquam
589 2925 984 2978 audiebantur.
1072 2925 1304 2977 Contuli
1359 2944 1450 2977 me
1504 2943 1634 2977 cum
1693 2943 1806 2976 uno
1859 2943 1888 2976 e

253 3012 553 3065 comitibus
608 3013 749 3064 meis
795 3014 866 3064 ad
914 3013 1282 3080 parturientis
1336 3014 1591 3075 domum,
1667 3012 1886 3065 statim-

253 3112 356 3161 que
400 3100 545 3170 coepi
590 3101 831 3154 fidenter
873 3101 1111 3156 invocare
1154 3118 1337 3157 nomen
1385 3100 1631 3161 Domini,
1678 3099 1887 3158 oblitus
