2815 3911
1844 314 1857 332 υ

673 364 856 400 LIBER
895 364 948 400 V.
967 380 1039 385 -—
1058 364 1351 402 EPISTOLA
1391 364 1494 400 VII.
1792 364 1898 416 429

267 518 376 569 que
421 498 613 562 etiam,
662 497 851 561 frater,
902 505 961 550 ut
1010 498 1295 551 continuis
1349 498 1404 550 in
1451 497 1720 550 virtutem
1774 516 1898 566 pro-

268 586 508 641 fectibus
572 602 883 649 accrescaS,
954 585 1213 655 exemplo
1289 586 1511 640 cunctis
1586 585 1903 654 praelucens

270 674 520 737 salutari,
575 672 656 725 uti
711 692 935 742 semper
986 672 1264 726 hactenus
1310 672 1514 736 fecisti,
1570 671 1783 725 nullam
1830 672 1903 725 ad

271 780 361 817 me
415 762 700 816 scribendi
766 761 910 814 elabi
976 762 1337 815 occasionem
1403 761 1575 814 sinas.
1646 763 1906 830 Expecto

270 858 463 901 autem
517 848 779 914 copiosas
830 847 1048 899 litteras
1102 868 1228 914 quae
1283 847 1463 899 multa
1518 847 1775 913 jucunda
1835 847 1905 899 de

269 945 326 988 te
372 937 617 987 doceant
633 953 645 995 ;
695 936 765 985 de
812 933 1026 984 familia
1072 934 1179 985 hac
1222 935 1504 995 universa,
1550 935 1621 984 de
1666 951 1905 985 consen-

272 1022 432 1074 sione
472 1028 690 1083 mutua,
732 1019 1026 1072 individua
1065 1027 1122 1071 te
1163 1020 1310 1072 inter
1349 1028 1405 1072 et
1446 1019 1758 1072 Antonium
1790 1021 1905 1072 Go-

274 1107 518 1160 mezium
565 1106 819 1169 caritate,
869 1106 939 1158 de
985 1105 1220 1175 singulis
1274 1114 1599 1159 nostrorum
1649 1104 1906 1159 Comori·

278 1194 335 1246 ni
374 1193 833 1263 promontorium
874 1192 1278 1255 excolentibuS,
1321 1193 1391 1245 de
1421 1193 1711 1261 Cypriano
1751 1192 1908 1244 Meli-

276 1299 449 1349 apore
502 1280 761 1348 degente,
817 1279 887 1330 de
940 1278 1108 1330 sociis
1161 1298 1303 1347 quos
1356 1297 1531 1330 naves
1584 1278 1693 1330 hoc
1757 1297 1910 1330 anno

278 1387 308 1420 e
361 1385 536 1436 regno
589 1366 909 1435 appulsurae
962 1366 1352 1434 exposuerint:
1410 1366 1505 1434 qui
1553 1374 1608 1418 et
1662 1374 1800 1435 quot
1852 1365 1910 1418 in

276 1452 344 1505 iis
411 1453 525 1505 sint
590 1451 817 1505 dicendi
882 1451 953 1504 ad
1017 1451 1289 1520 populum
1362 1451 1570 1520 insigni
1641 1451 1911 1507 facultate

275 1541 519 1611 praediti,
583 1540 679 1610 qui
744 1540 1064 1593 sacerdotio
1129 1540 1355 1603 initiati,
1423 1540 1517 1608 qui
1582 1540 1730 1593 laici.
1800 1544 1908 1595 Ge-

276 1646 412 1681 nera
455 1627 658 1680 horum
699 1627 987 1695 distingui,
1031 1644 1329 1679 numerum
1371 1645 1437 1679 ac
1479 1628 1697 1696 species
1736 1646 1908 1697 appo-

277 1714 353 1777 ni,
402 1713 653 1776 nomina,
703 1713 884 1775 dotes,
939 1712 1103 1774 vireS‚
1157 1712 1509 1781 virtutesque
1562 1713 1909 1781 singulorum

277 1800 398 1852 fuse
438 1799 710 1868 perscribi
749 1799 995 1866 postulo.
1042 1799 1230 1866 Hujus
1269 1799 1353 1849 tui
1394 1818 1619 1850 mecum
1652 1800 1911 1851 litterarii

278 1885 606 1938 commercii
652 1885 779 1936 duae
827 1884 1027 1936 saltem
1074 1885 1180 1936 viae
1228 1892 1380 1937 certe
1433 1892 1756 1953 suppetent.
1808 1888 1908 1938 So-

277 1972 353 2023 let
400 1972 553 2023 enim
599 1971 687 2022 bis
734 1970 1042 2037 quotannis
1090 1970 1250 2021 navis
1296 1971 1449 2038 regia
1494 1973 1621 2022 Goa
1667 1972 1909 2032 solvere3

282 2058 605 2127 Septembri
646 2057 878 2126 quidem
921 2057 1183 2109 Bandam
1223 2064 1426 2124 petens
1441 2077 1452 2118 ;
1497 2057 1674 2126 Aprili
1718 2066 1911 2112 autem

280 2147 352 2199 ad
400 2145 758 2198 Molucenses
801 2144 1013 2196 insulas
1057 2161 1283 2196 cursum
1329 2145 1649 2197 intendens
1696 2147 1810 2199 Sed
1854 2165 1912 2199 u-

279 2242 481 2302 traque
521 2231 705 2284 obiter
735 2229 973 2298 attingit
1018 2229 1353 2293 Malaccam,
1390 2230 1483 2282 ubi
1513 2239 1707 2284 noster
1736 2233 1913 2285 Fran-

282 2322 466 2374 ciscus
516 2321 777 2371 Perezius
830 2319 1049 2370 litteras
1102 2319 1240 2369 mihi
1295 2320 1598 2388 inscriptas
1650 2322 1911 2389 accipiet,

280 2415 337 2460 et
377 2425 492 2460 non
535 2407 809 2460 defuturis
849 2408 1358 2460 commoditatibus
1407 2416 1559 2461 recte
1603 2410 1674 2461 ad
1721 2427 1811 2463 me
1855 2410 1912 2462 in

278 2495 560 2564 Japonem
615 2493 852 2546 curabit.
910 2495 1045 2554 Fae,
1100 2494 1306 2545 amabo
1358 2502 1432 2556 te,
1501 2495 1649 2547 hanc
1714 2496 1818 2548 tibi
1881 2515 1914 2548 a

283 2598 374 2633 me
417 2580 673 2633 relictam
717 2580 962 2640 abeunte
1005 2579 1263 2632 chartam
1312 2581 1487 2633 semel
1534 2582 1733 2650 quavis
1779 2583 1911 2636 heb-

283 2667 529 2720 domade
569 2667 803 2736 relegas,
847 2674 907 2719 ut
948 2666 1029 2719 sic
1070 2684 1182 2719 non
1213 2675 1437 2720 tanturn
1469 2686 1726 2721 meorum
1757 2687 1912 2722 man-

282 2754 566 2816 datorum,
610 2754 709 2806 sed
750 2753 861 2805 mei
901 2772 1127 2821 quoque
1167 2754 1420 2806 absentis
1458 2756 1795 2808 memoriam
1833 2776 1913 2810 re-

283 2840 475 2904 frices;
518 2860 629 2911 qua
668 2850 725 2896 te
764 2842 933 2895 velim
974 2843 1198 2897 incitari
1239 2845 1310 2897 ad
1351 2845 1776 2914 propitiandum
1815 2847 1916 2900 mi-

285 2928 342 2981 hi
399 2930 586 2982 Deum
638 2929 769 2992 tuis,
821 2930 1134 2984 Goensium
1183 2939 1527 2995 nostrorum,
1576 2942 1631 2986 et
1686 2934 1915 2988 devoto-

287 3035 410 3069 rum
465 3018 914 3088 devotarumque
969 3026 1193 3092 tuarum
1247 3020 1527 3088 precibus.

359 3106 611 3160 Antonio
653 3107 929 3160 Gomezio
970 3107 1255 3170 mandavi,
1300 3115 1359 3160 ut
1404 3108 1448 3160 si
1482 3110 1916 3164 concionatores
