<?xml version="1.0" encoding="UTF-8"?>
<!DOCTYPE html PUBLIC "-//W3C//DTD XHTML 1.0 Transitional//EN"
    "http://www.w3.org/TR/xhtml1/DTD/xhtml1-transitional.dtd">
<html xmlns="http://www.w3.org/1999/xhtml" xml:lang="en" lang="en">
 <head>
  <title>
</title>
<meta http-equiv="Content-Type" content="text/html;charset=utf-8" />
  <meta name='ocr-system' content='tesseract 3.04.00' />
  <meta name='ocr-capabilities' content='ocr_page ocr_carea ocr_par ocr_line ocrx_word'/>
</head>
<body>
  <div class='ocr_page' id='page_1' title='image "./pts_epistolae_3720-0638_v1_0360.png"; bbox 0 0 2815 3911; ppageno 0'>
   <div class='ocr_carea' id='block_1_1' title="bbox 0 1323 5 1926">
    <p class='ocr_par' dir='ltr' id='par_1_1' title="bbox 0 1323 5 1926">
     <span class='ocr_line' id='line_1_1' title="bbox 0 1323 5 1926; baseline 0 0"><span class='ocrx_word' id='word_1_1' title='bbox 0 1323 5 1926; x_wconf 95' lang='lat' dir='ltr'> </span> 
     </span>
    </p>
   </div>
   <div class='ocr_carea' id='block_1_2' title="bbox 130 3436 160 3492">
    <p class='ocr_par' dir='ltr' id='par_1_2' title="bbox 130 3436 160 3492">
     <span class='ocr_line' id='line_1_2' title="bbox 130 3436 160 3492; baseline 0 419"><span class='ocrx_word' id='word_1_2' title='bbox 130 3436 160 3492; x_wconf 95' lang='lat' dir='ltr'> </span> 
     </span>
    </p>
   </div>
   <div class='ocr_carea' id='block_1_3' title="bbox 0 0 404 404">
    <p class='ocr_par' dir='ltr' id='par_1_3' title="bbox 0 0 404 404">
     <span class='ocr_line' id='line_1_3' title="bbox 0 0 404 404; baseline 0 3507"><span class='ocrx_word' id='word_1_3' title='bbox 0 0 404 404; x_wconf 95' lang='lat' dir='ltr'> </span> 
     </span>
    </p>
   </div>
   <div class='ocr_carea' id='block_1_4' title="bbox 655 366 2027 419">
    <p class='ocr_par' dir='ltr' id='par_1_4' title="bbox 655 366 2027 419">
     <span class='ocr_line' id='line_1_4' title="bbox 655 366 2027 419; baseline 0.001 -14"><span class='ocrx_word' id='word_1_4' title='bbox 655 367 839 406; x_wconf 89' lang='lat' dir='ltr'>LIBER</span> <span class='ocrx_word' id='word_1_5' title='bbox 880 368 955 407; x_wconf 89' lang='lat' dir='ltr'>IV.</span> <span class='ocrx_word' id='word_1_6' title='bbox 974 370 1323 410; x_wconf 84' lang='lat' dir='ltr'>—SYMBOLI</span> <span class='ocrx_word' id='word_1_7' title='bbox 1366 367 1769 409; x_wconf 92' lang='lat' dir='ltr'><strong>DECLARATIO.</strong></span> <span class='ocrx_word' id='word_1_8' title='bbox 1920 366 2027 419; x_wconf 79' lang='grc'>339</span> 
     </span>
    </p>
   </div>
   <div class='ocr_carea' id='block_1_5' title="bbox 400 497 2052 3177">
    <p class='ocr_par' dir='ltr' id='par_1_5' title="bbox 400 497 2043 2115">
     <span class='ocr_line' id='line_1_5' title="bbox 400 497 2028 571; baseline -0.001 -20"><span class='ocrx_word' id='word_1_9' title='bbox 400 515 509 552; x_wconf 89' lang='lat' dir='ltr'>mae</span> <span class='ocrx_word' id='word_1_10' title='bbox 574 506 902 552; x_wconf 84' lang='lat' dir='ltr'>sanctorum</span> <span class='ocrx_word' id='word_1_11' title='bbox 971 502 1221 567; x_wconf 91' lang='lat' dir='ltr'>Patrum,</span> <span class='ocrx_word' id='word_1_12' title='bbox 1291 501 1727 571; x_wconf 85' lang='lat' dir='ltr'><strong>Prophetarum,</strong></span> <span class='ocrx_word' id='word_1_13' title='bbox 1785 497 2028 552; x_wconf 90' lang='lat' dir='ltr'>Patriar-</span> 
     </span>
     <span class='ocr_line' id='line_1_6' title="bbox 400 583 2030 655; baseline 0.001 -19"><span class='ocrx_word' id='word_1_14' title='bbox 400 583 654 647; x_wconf 90' lang='lat' dir='ltr'>charum,</span> <span class='ocrx_word' id='word_1_15' title='bbox 707 584 1059 655; x_wconf 90' lang='lat' dir='ltr'>aliorumque</span> <span class='ocrx_word' id='word_1_16' title='bbox 1111 589 1437 651; x_wconf 90' lang='lat' dir='ltr'>multorum,</span> <span class='ocrx_word' id='word_1_17' title='bbox 1486 587 1599 640; x_wconf 92' lang='lat' dir='ltr'>illic</span> <span class='ocrx_word' id='word_1_18' title='bbox 1651 592 2030 653; x_wconf 78' lang='lat' dir='ltr'>congregatae,</span> 
     </span>
     <span class='ocr_line' id='line_1_7' title="bbox 400 673 2031 741; baseline 0.001 -18"><span class='ocrx_word' id='word_1_19' title='bbox 400 680 798 740; x_wconf 82' lang='lat' dir='ltr'>exspectantes</span> <span class='ocrx_word' id='word_1_20' title='bbox 850 691 1050 727; x_wconf 89' lang='lat' dir='ltr'>omnes</span> <span class='ocrx_word' id='word_1_21' title='bbox 1101 677 1409 730; x_wconf 90' lang='lat' dir='ltr'>adventum</span> <span class='ocrx_word' id='word_1_22' title='bbox 1465 675 1594 727; x_wconf 87' lang='lat' dir='ltr'>Filii</span> <span class='ocrx_word' id='word_1_23' title='bbox 1652 673 1778 736; x_wconf 91' lang='lat' dir='ltr'>Dei,</span> <span class='ocrx_word' id='word_1_24' title='bbox 1833 690 1866 724; x_wconf 90' lang='lat' dir='ltr'>a</span> <span class='ocrx_word' id='word_1_25' title='bbox 1918 691 2031 741; x_wconf 93' lang='lat' dir='ltr'>quo</span> 
     </span>
     <span class='ocr_line' id='line_1_8' title="bbox 401 757 2033 815; baseline 0.001 -6"><span class='ocrx_word' id='word_1_26' title='bbox 401 775 461 810; x_wconf 92' lang='lat' dir='ltr'>se</span> <span class='ocrx_word' id='word_1_27' title='bbox 505 757 828 811; x_wconf 89' lang='lat' dir='ltr'>liberandas</span> <span class='ocrx_word' id='word_1_28' title='bbox 889 766 944 812; x_wconf 95' lang='lat' dir='ltr'>et</span> <span class='ocrx_word' id='word_1_29' title='bbox 1009 778 1075 813; x_wconf 84' lang='lat' dir='ltr'>ex</span> <span class='ocrx_word' id='word_1_30' title='bbox 1145 761 1238 815; x_wconf 93' lang='lat' dir='ltr'>illo</span> <span class='ocrx_word' id='word_1_31' title='bbox 1308 779 1534 815; x_wconf 90' lang='lat' dir='ltr'>carcere</span> <span class='ocrx_word' id='word_1_32' title='bbox 1604 758 2033 812; x_wconf 87' lang='lat' dir='ltr'>transferendas</span> 
     </span>
     <span class='ocr_line' id='line_1_9' title="bbox 401 840 2032 917; baseline 0 -22"><span class='ocrx_word' id='word_1_33' title='bbox 401 840 458 895; x_wconf 89' lang='lat' dir='ltr'>in</span> <span class='ocrx_word' id='word_1_34' title='bbox 514 845 842 912; x_wconf 80' lang='lat' dir='ltr'>paradisum</span> <span class='ocrx_word' id='word_1_35' title='bbox 896 846 1169 900; x_wconf 89' lang='lat' dir='ltr'>sciebant.</span> <span class='ocrx_word' id='word_1_36' title='bbox 1227 850 1464 917; x_wconf 86' lang='lat' dir='ltr'>Semper</span> <span class='ocrx_word' id='word_1_37' title='bbox 1536 864 1716 915; x_wconf 90' lang='lat' dir='ltr'>usque</span> <span class='ocrx_word' id='word_1_38' title='bbox 1768 864 1802 897; x_wconf 89' lang='lat' dir='ltr'>a</span> <span class='ocrx_word' id='word_1_39' title='bbox 1846 845 2032 913; x_wconf 93' lang='lat' dir='ltr'>primo</span> 
     </span>
     <span class='ocr_line' id='line_1_10' title="bbox 401 931 2033 988; baseline 0.001 -6"><span class='ocrx_word' id='word_1_40' title='bbox 401 949 589 983; x_wconf 90' lang='lat' dir='ltr'>rerum</span> <span class='ocrx_word' id='word_1_41' title='bbox 642 933 875 985; x_wconf 90' lang='lat' dir='ltr'>conditu</span> <span class='ocrx_word' id='word_1_42' title='bbox 939 934 1196 988; x_wconf 86' lang='lat' dir='ltr'>vixerunt</span> <span class='ocrx_word' id='word_1_43' title='bbox 1249 935 1306 986; x_wconf 94' lang='lat' dir='ltr'>in</span> <span class='ocrx_word' id='word_1_44' title='bbox 1360 935 1576 987; x_wconf 91' lang='lat' dir='ltr'>mundo</span> <span class='ocrx_word' id='word_1_45' title='bbox 1652 932 1789 985; x_wconf 93' lang='lat' dir='ltr'>boni</span> <span class='ocrx_word' id='word_1_46' title='bbox 1853 931 2033 984; x_wconf 94' lang='lat' dir='ltr'>homi-</span> 
     </span>
     <span class='ocr_line' id='line_1_11' title="bbox 404 1018 2032 1087; baseline 0.002 -19"><span class='ocrx_word' id='word_1_47' title='bbox 404 1036 522 1080; x_wconf 80' lang='lat' dir='ltr'>neS,</span> <span class='ocrx_word' id='word_1_48' title='bbox 588 1018 683 1086; x_wconf 92' lang='lat' dir='ltr'>qui</span> <span class='ocrx_word' id='word_1_49' title='bbox 744 1037 874 1071; x_wconf 92' lang='lat' dir='ltr'>cum</span> <span class='ocrx_word' id='word_1_50' title='bbox 937 1029 1125 1073; x_wconf 86' lang='lat' dir='ltr'>essent</span> <span class='ocrx_word' id='word_1_51' title='bbox 1186 1022 1354 1073; x_wconf 90' lang='lat' dir='ltr'>amici</span> <span class='ocrx_word' id='word_1_52' title='bbox 1418 1021 1544 1084; x_wconf 93' lang='lat' dir='ltr'>Dei,</span> <span class='ocrx_word' id='word_1_53' title='bbox 1600 1028 1655 1072; x_wconf 94' lang='lat' dir='ltr'>et</span> <span class='ocrx_word' id='word_1_54' title='bbox 1702 1018 1861 1071; x_wconf 91' lang='lat' dir='ltr'>liberi</span> <span class='ocrx_word' id='word_1_55' title='bbox 1907 1037 2032 1087; x_wconf 91' lang='lat' dir='ltr'>pro-</span> 
     </span>
     <span class='ocr_line' id='line_1_12' title="bbox 403 1103 2033 1176; baseline 0.001 -21"><span class='ocrx_word' id='word_1_56' title='bbox 403 1103 644 1156; x_wconf 88' lang='lat' dir='ltr'>fessores</span> <span class='ocrx_word' id='word_1_57' title='bbox 718 1106 974 1158; x_wconf 90' lang='lat' dir='ltr'>veritatis</span> <span class='ocrx_word' id='word_1_58' title='bbox 1038 1126 1209 1176; x_wconf 90' lang='lat' dir='ltr'>quam</span> <span class='ocrx_word' id='word_1_59' title='bbox 1274 1107 1718 1176; x_wconf 83' lang='lat' dir='ltr'>cognoscebant,</span> <span class='ocrx_word' id='word_1_60' title='bbox 1797 1105 2033 1157; x_wconf 90' lang='lat' dir='ltr'>minime</span> 
     </span>
     <span class='ocr_line' id='line_1_13' title="bbox 404 1192 2036 1247; baseline 0.001 -4"><span class='ocrx_word' id='word_1_61' title='bbox 404 1192 760 1244; x_wconf 91' lang='lat' dir='ltr'>dissimulare</span> <span class='ocrx_word' id='word_1_62' title='bbox 838 1203 1247 1247; x_wconf 89' lang='lat' dir='ltr'>consueverant</span> <span class='ocrx_word' id='word_1_63' title='bbox 1325 1196 1382 1246; x_wconf 93' lang='lat' dir='ltr'>in</span> <span class='ocrx_word' id='word_1_64' title='bbox 1449 1212 1689 1247; x_wconf 87' lang='lat' dir='ltr'>occursu</span> <span class='ocrx_word' id='word_1_65' title='bbox 1756 1194 2036 1245; x_wconf 89' lang='lat' dir='ltr'>malorum</span> 
     </span>
     <span class='ocr_line' id='line_1_14' title="bbox 405 1276 2036 1348; baseline 0.001 -18"><span class='ocrx_word' id='word_1_66' title='bbox 405 1276 542 1346; x_wconf 90' lang='lat' dir='ltr'>quid</span> <span class='ocrx_word' id='word_1_67' title='bbox 584 1278 880 1331; x_wconf 87' lang='lat' dir='ltr'>sentirent.</span> <span class='ocrx_word' id='word_1_68' title='bbox 929 1279 1444 1348; x_wconf 81' lang='lat' dir='ltr'>Reprehendeba&#39;nt</span> <span class='ocrx_word' id='word_1_69' title='bbox 1487 1280 1640 1332; x_wconf 92' lang='lat' dir='ltr'>enim</span> <span class='ocrx_word' id='word_1_70' title='bbox 1686 1285 2036 1347; x_wconf 84' lang='lat' dir='ltr'>peccatoreS,</span> 
     </span>
     <span class='ocr_line' id='line_1_15' title="bbox 404 1358 2035 1433; baseline 0 -16"><span class='ocrx_word' id='word_1_71' title='bbox 404 1358 753 1433; x_wconf 87' lang='lat' dir='ltr'>increpando</span> <span class='ocrx_word' id='word_1_72' title='bbox 829 1365 982 1418; x_wconf 91' lang='lat' dir='ltr'>haud</span> <span class='ocrx_word' id='word_1_73' title='bbox 1047 1367 1289 1419; x_wconf 88' lang='lat' dir='ltr'>molliter</span> <span class='ocrx_word' id='word_1_74' title='bbox 1353 1366 1582 1425; x_wconf 53' lang='lat' dir='ltr'>scelera,</span> <span class='ocrx_word' id='word_1_75' title='bbox 1637 1364 2035 1418; x_wconf 88' lang='lat' dir='ltr'>rebellantium</span> 
     </span>
     <span class='ocr_line' id='line_1_16' title="bbox 403 1449 2038 1521; baseline 0.001 -21"><span class='ocrx_word' id='word_1_76' title='bbox 403 1449 781 1503; x_wconf 89' lang='lat' dir='ltr'>inverecunde</span> <span class='ocrx_word' id='word_1_77' title='bbox 845 1459 901 1504; x_wconf 90' lang='lat' dir='ltr'>et</span> <span class='ocrx_word' id='word_1_78' title='bbox 966 1452 1137 1521; x_wconf 87' lang='lat' dir='ltr'>impie</span> <span class='ocrx_word' id='word_1_79' title='bbox 1202 1453 1258 1503; x_wconf 89' lang='lat' dir='ltr'>in</span> <span class='ocrx_word' id='word_1_80' title='bbox 1326 1454 1512 1504; x_wconf 91' lang='lat' dir='ltr'>Deum</span> <span class='ocrx_word' id='word_1_81' title='bbox 1566 1469 1634 1504; x_wconf 92' lang='lat' dir='ltr'>ac</span> <span class='ocrx_word' id='word_1_82' title='bbox 1698 1453 2038 1504; x_wconf 89' lang='lat' dir='ltr'>Creatorem</span> 
     </span>
     <span class='ocr_line' id='line_1_17' title="bbox 404 1535 2038 1606; baseline 0.001 -19"><span class='ocrx_word' id='word_1_83' title='bbox 404 1535 660 1589; x_wconf 89' lang='lat' dir='ltr'>omnium</span> <span class='ocrx_word' id='word_1_84' title='bbox 714 1554 1096 1589; x_wconf 89' lang='lat' dir='ltr'>communem.</span> <span class='ocrx_word' id='word_1_85' title='bbox 1154 1539 1220 1590; x_wconf 93' lang='lat' dir='ltr'>Id</span> <span class='ocrx_word' id='word_1_86' title='bbox 1273 1538 1429 1606; x_wconf 87' lang='lat' dir='ltr'>pravi</span> <span class='ocrx_word' id='word_1_87' title='bbox 1485 1555 1551 1590; x_wconf 89' lang='lat' dir='ltr'>ac</span> <span class='ocrx_word' id='word_1_88' title='bbox 1614 1537 1883 1605; x_wconf 87' lang='lat' dir='ltr'>flagitiosi</span> <span class='ocrx_word' id='word_1_89' title='bbox 1939 1536 2038 1589; x_wconf 89' lang='lat' dir='ltr'>ho-</span> 
     </span>
     <span class='ocr_line' id='line_1_18' title="bbox 406 1622 2040 1694; baseline 0.002 -21"><span class='ocrx_word' id='word_1_90' title='bbox 406 1622 588 1674; x_wconf 92' lang='lat' dir='ltr'>mines</span> <span class='ocrx_word' id='word_1_91' title='bbox 653 1624 890 1676; x_wconf 91' lang='lat' dir='ltr'>moleste</span> <span class='ocrx_word' id='word_1_92' title='bbox 955 1625 1167 1677; x_wconf 89' lang='lat' dir='ltr'>scilicet</span> <span class='ocrx_word' id='word_1_93' title='bbox 1231 1624 1504 1676; x_wconf 90' lang='lat' dir='ltr'>ferebant.</span> <span class='ocrx_word' id='word_1_94' title='bbox 1563 1627 1719 1694; x_wconf 87' lang='lat' dir='ltr'>Ergo</span> <span class='ocrx_word' id='word_1_95' title='bbox 1780 1623 2040 1677; x_wconf 91' lang='lat' dir='ltr'>instincti</span> 
     </span>
     <span class='ocr_line' id='line_1_19' title="bbox 406 1710 2042 1781; baseline 0 -18"><span class='ocrx_word' id='word_1_96' title='bbox 406 1710 701 1780; x_wconf 86' lang='lat' dir='ltr'>adjutique</span> <span class='ocrx_word' id='word_1_97' title='bbox 745 1728 779 1763; x_wconf 92' lang='lat' dir='ltr'>a</span> <span class='ocrx_word' id='word_1_98' title='bbox 824 1712 1120 1780; x_wconf 87' lang='lat' dir='ltr'>conjurato</span> <span class='ocrx_word' id='word_1_99' title='bbox 1167 1729 1296 1764; x_wconf 93' lang='lat' dir='ltr'>cum</span> <span class='ocrx_word' id='word_1_100' title='bbox 1344 1712 1499 1781; x_wconf 75' lang='lat' dir='ltr'>ipsiS,</span> <span class='ocrx_word' id='word_1_101' title='bbox 1554 1713 1717 1781; x_wconf 87' lang='lat' dir='ltr'>cujus</span> <span class='ocrx_word' id='word_1_102' title='bbox 1770 1712 2042 1781; x_wconf 88' lang='lat' dir='ltr'>auspiciis</span> 
     </span>
     <span class='ocr_line' id='line_1_20' title="bbox 408 1796 2039 1871; baseline 0.001 -23"><span class='ocrx_word' id='word_1_103' title='bbox 408 1796 748 1860; x_wconf 90' lang='lat' dir='ltr'>militabant,</span> <span class='ocrx_word' id='word_1_104' title='bbox 803 1797 953 1850; x_wconf 88' lang='lat' dir='ltr'>malo</span> <span class='ocrx_word' id='word_1_105' title='bbox 1005 1799 1287 1871; x_wconf 80' lang='lat' dir='ltr'>daemone,</span> <span class='ocrx_word' id='word_1_106' title='bbox 1339 1798 1526 1850; x_wconf 86' lang='lat' dir='ltr'>omnis</span> <span class='ocrx_word' id='word_1_107' title='bbox 1578 1798 1802 1866; x_wconf 88' lang='lat' dir='ltr'>generis</span> <span class='ocrx_word' id='word_1_108' title='bbox 1867 1797 2039 1851; x_wconf 89' lang='lat' dir='ltr'>male-</span> 
     </span>
     <span class='ocr_line' id='line_1_21' title="bbox 406 1883 2041 1954; baseline 0.001 -18"><span class='ocrx_word' id='word_1_109' title='bbox 406 1883 550 1937; x_wconf 90' lang='lat' dir='ltr'>ficiis</span> <span class='ocrx_word' id='word_1_110' title='bbox 618 1884 965 1938; x_wconf 86' lang='lat' dir='ltr'>infestabant</span> <span class='ocrx_word' id='word_1_111' title='bbox 1036 1886 1216 1938; x_wconf 91' lang='lat' dir='ltr'>bonos</span> <span class='ocrx_word' id='word_1_112' title='bbox 1282 1885 1389 1938; x_wconf 91' lang='lat' dir='ltr'>Dei</span> <span class='ocrx_word' id='word_1_113' title='bbox 1455 1885 1690 1948; x_wconf 79' lang='lat' dir='ltr'>amiCOS,</span> <span class='ocrx_word' id='word_1_114' title='bbox 1746 1885 2041 1954; x_wconf 88' lang='lat' dir='ltr'>captivan-</span> 
     </span>
     <span class='ocr_line' id='line_1_22' title="bbox 406 1972 2043 2041; baseline 0.001 -17"><span class='ocrx_word' id='word_1_115' title='bbox 406 1980 513 2035; x_wconf 80' lang='lat' dir='ltr'>teS,</span> <span class='ocrx_word' id='word_1_116' title='bbox 591 1972 1069 2035; x_wconf 78' lang='lat' dir='ltr'>exterminanteS,</span> <span class='ocrx_word' id='word_1_117' title='bbox 1150 1972 1301 2027; x_wconf 86' lang='lat' dir='ltr'>nulla</span> <span class='ocrx_word' id='word_1_118' title='bbox 1366 1992 1480 2024; x_wconf 90' lang='lat' dir='ltr'>non</span> <span class='ocrx_word' id='word_1_119' title='bbox 1546 1992 1644 2025; x_wconf 94' lang='lat' dir='ltr'>eos</span> <span class='ocrx_word' id='word_1_120' title='bbox 1710 1972 1916 2041; x_wconf 89' lang='lat' dir='ltr'>injuria</span> <span class='ocrx_word' id='word_1_121' title='bbox 1986 1981 2043 2026; x_wconf 94' lang='lat' dir='ltr'>et</span> 
     </span>
     <span class='ocr_line' id='line_1_23' title="bbox 411 2061 1096 2115; baseline -0.001 -1"><span class='ocrx_word' id='word_1_122' title='bbox 411 2061 756 2115; x_wconf 89' lang='lat' dir='ltr'>contumelia</span> <span class='ocrx_word' id='word_1_123' title='bbox 806 2068 1096 2114; x_wconf 76' lang='lat' dir='ltr'>vexantes,</span> 
     </span>
    </p>

    <p class='ocr_par' dir='ltr' id='par_1_6' title="bbox 408 2146 2052 3177">
     <span class='ocr_line' id='line_1_24' title="bbox 486 2146 2045 2201; baseline 0.001 -2"><span class='ocrx_word' id='word_1_124' title='bbox 486 2146 639 2199; x_wconf 89' lang='lat' dir='ltr'>Huic</span> <span class='ocrx_word' id='word_1_125' title='bbox 714 2155 877 2200; x_wconf 90' lang='lat' dir='ltr'>tanto</span> <span class='ocrx_word' id='word_1_126' title='bbox 952 2147 1197 2200; x_wconf 88' lang='lat' dir='ltr'>vitarum</span> <span class='ocrx_word' id='word_1_127' title='bbox 1274 2146 1589 2200; x_wconf 90' lang='lat' dir='ltr'>discrimini</span> <span class='ocrx_word' id='word_1_128' title='bbox 1657 2155 2045 2201; x_wconf 91' lang='lat' dir='ltr'>consentanea</span> 
     </span>
     <span class='ocr_line' id='line_1_25' title="bbox 408 2235 2041 2304; baseline 0.001 -17"><span class='ocrx_word' id='word_1_129' title='bbox 408 2235 775 2304; x_wconf 91' lang='lat' dir='ltr'>proportione</span> <span class='ocrx_word' id='word_1_130' title='bbox 860 2236 1240 2304; x_wconf 89' lang='lat' dir='ltr'>respondebat</span> <span class='ocrx_word' id='word_1_131' title='bbox 1318 2235 1706 2288; x_wconf 89' lang='lat' dir='ltr'>diversissima</span> <span class='ocrx_word' id='word_1_132' title='bbox 1783 2236 2041 2289; x_wconf 93' lang='lat' dir='ltr'>conditio</span> 
     </span>
     <span class='ocr_line' id='line_1_26' title="bbox 411 2323 2042 2390; baseline 0.001 -15"><span class='ocrx_word' id='word_1_133' title='bbox 411 2324 730 2375; x_wconf 89' lang='lat' dir='ltr'>animarum</span> <span class='ocrx_word' id='word_1_134' title='bbox 778 2341 808 2374; x_wconf 92' lang='lat' dir='ltr'>e</span> <span class='ocrx_word' id='word_1_135' title='bbox 854 2323 1183 2390; x_wconf 90' lang='lat' dir='ltr'>corporibus</span> <span class='ocrx_word' id='word_1_136' title='bbox 1236 2341 1335 2390; x_wconf 89' lang='lat' dir='ltr'>per</span> <span class='ocrx_word' id='word_1_137' title='bbox 1387 2330 1632 2375; x_wconf 90' lang='lat' dir='ltr'>mortem</span> <span class='ocrx_word' id='word_1_138' title='bbox 1684 2324 2042 2376; x_wconf 89' lang='lat' dir='ltr'>emissarum.</span> 
     </span>
     <span class='ocr_line' id='line_1_27' title="bbox 414 2409 2041 2479; baseline -0.001 -16"><span class='ocrx_word' id='word_1_139' title='bbox 414 2412 629 2463; x_wconf 89' lang='lat' dir='ltr'>Earum</span> <span class='ocrx_word' id='word_1_140' title='bbox 683 2409 964 2479; x_wconf 89' lang='lat' dir='ltr'>siquidem</span> <span class='ocrx_word' id='word_1_141' title='bbox 1018 2427 1392 2478; x_wconf 80' lang='lat' dir='ltr'>quaecumque</span> <span class='ocrx_word' id='word_1_142' title='bbox 1444 2409 1630 2472; x_wconf 90' lang='lat' dir='ltr'>bonae,</span> <span class='ocrx_word' id='word_1_143' title='bbox 1679 2410 1815 2461; x_wconf 91' lang='lat' dir='ltr'>dum</span> <span class='ocrx_word' id='word_1_144' title='bbox 1864 2409 1921 2462; x_wconf 91' lang='lat' dir='ltr'>in</span> <span class='ocrx_word' id='word_1_145' title='bbox 1964 2409 2041 2462; x_wconf 91' lang='lat' dir='ltr'>vi-</span> 
     </span>
     <span class='ocr_line' id='line_1_28' title="bbox 408 2496 2036 2565; baseline -0.001 -16"><span class='ocrx_word' id='word_1_146' title='bbox 408 2505 469 2550; x_wconf 91' lang='lat' dir='ltr'>ta</span> <span class='ocrx_word' id='word_1_147' title='bbox 521 2498 807 2565; x_wconf 87' lang='lat' dir='ltr'>degerent,</span> <span class='ocrx_word' id='word_1_148' title='bbox 862 2496 1081 2548; x_wconf 86' lang='lat' dir='ltr'>fuerant</span> <span class='ocrx_word' id='word_1_149' title='bbox 1096 2515 1109 2558; x_wconf 92' lang='lat'>;</span> <span class='ocrx_word' id='word_1_150' title='bbox 1165 2514 1247 2548; x_wconf 87' lang='lat' dir='ltr'>eae</span> <span class='ocrx_word' id='word_1_151' title='bbox 1299 2513 1603 2563; x_wconf 87' lang='lat' dir='ltr'>corporum</span> <span class='ocrx_word' id='word_1_152' title='bbox 1657 2496 1864 2549; x_wconf 91' lang='lat' dir='ltr'>deinde</span> <span class='ocrx_word' id='word_1_153' title='bbox 1915 2497 2036 2549; x_wconf 88' lang='lat' dir='ltr'>vin-</span> 
     </span>
     <span class='ocr_line' id='line_1_29' title="bbox 412 2582 2042 2653; baseline -0.001 -16"><span class='ocrx_word' id='word_1_154' title='bbox 412 2585 552 2637; x_wconf 89' lang='lat' dir='ltr'>culis</span> <span class='ocrx_word' id='word_1_155' title='bbox 604 2603 704 2653; x_wconf 93' lang='lat' dir='ltr'>per</span> <span class='ocrx_word' id='word_1_156' title='bbox 755 2592 999 2636; x_wconf 90' lang='lat' dir='ltr'>mortem</span> <span class='ocrx_word' id='word_1_157' title='bbox 1052 2583 1348 2651; x_wconf 81' lang='lat' dir='ltr'>expeditae,</span> <span class='ocrx_word' id='word_1_158' title='bbox 1404 2582 1461 2634; x_wconf 93' lang='lat' dir='ltr'>in</span> <span class='ocrx_word' id='word_1_159' title='bbox 1526 2602 1658 2635; x_wconf 91' lang='lat' dir='ltr'>eum</span> <span class='ocrx_word' id='word_1_160' title='bbox 1726 2602 1803 2646; x_wconf 93' lang='lat' dir='ltr'>se,</span> <span class='ocrx_word' id='word_1_161' title='bbox 1872 2602 2042 2652; x_wconf 92' lang='lat' dir='ltr'>quem</span> 
     </span>
     <span class='ocr_line' id='line_1_30' title="bbox 410 2669 2044 2739; baseline -0.001 -14"><span class='ocrx_word' id='word_1_162' title='bbox 410 2671 601 2726; x_wconf 90' lang='lat' dir='ltr'>vocari</span> <span class='ocrx_word' id='word_1_163' title='bbox 677 2671 914 2723; x_wconf 91' lang='lat' dir='ltr'>limbum</span> <span class='ocrx_word' id='word_1_164' title='bbox 992 2669 1123 2732; x_wconf 84' lang='lat' dir='ltr'>dixi,</span> <span class='ocrx_word' id='word_1_165' title='bbox 1202 2669 1568 2722; x_wconf 89' lang='lat' dir='ltr'>conferebant</span> <span class='ocrx_word' id='word_1_166' title='bbox 1646 2669 1855 2733; x_wconf 93' lang='lat' dir='ltr'>locum,</span> <span class='ocrx_word' id='word_1_167' title='bbox 1946 2670 2044 2739; x_wconf 91' lang='lat' dir='ltr'>qui</span> 
     </span>
     <span class='ocr_line' id='line_1_31' title="bbox 412 2756 2044 2830; baseline -0.001 -19"><span class='ocrx_word' id='word_1_168' title='bbox 412 2760 682 2830; x_wconf 90' lang='lat' dir='ltr'>quoniam</span> <span class='ocrx_word' id='word_1_169' title='bbox 727 2759 892 2827; x_wconf 91' lang='lat' dir='ltr'>longe</span> <span class='ocrx_word' id='word_1_170' title='bbox 938 2756 1081 2809; x_wconf 90' lang='lat' dir='ltr'>infra</span> <span class='ocrx_word' id='word_1_171' title='bbox 1132 2765 1296 2809; x_wconf 80' lang='lat' dir='ltr'>terrae</span> <span class='ocrx_word' id='word_1_172' title='bbox 1349 2757 1706 2826; x_wconf 91' lang='lat' dir='ltr'>superficiem</span> <span class='ocrx_word' id='word_1_173' title='bbox 1759 2757 2044 2826; x_wconf 87' lang='lat' dir='ltr'>profundo</span> 
     </span>
     <span class='ocr_line' id='line_1_32' title="bbox 413 2845 2044 2917; baseline -0.002 -16"><span class='ocrx_word' id='word_1_174' title='bbox 413 2849 715 2917; x_wconf 89' lang='lat' dir='ltr'>depressus</span> <span class='ocrx_word' id='word_1_175' title='bbox 766 2846 925 2898; x_wconf 91' lang='lat' dir='ltr'>hiatu</span> <span class='ocrx_word' id='word_1_176' title='bbox 990 2853 1093 2908; x_wconf 91' lang='lat' dir='ltr'>est,</span> <span class='ocrx_word' id='word_1_177' title='bbox 1160 2845 1362 2897; x_wconf 88' lang='lat' dir='ltr'>inferni</span> <span class='ocrx_word' id='word_1_178' title='bbox 1428 2863 1655 2914; x_wconf 91' lang='lat' dir='ltr'>quoque</span> <span class='ocrx_word' id='word_1_179' title='bbox 1721 2853 1776 2898; x_wconf 87' lang='lat' dir='ltr'>et</span> <span class='ocrx_word' id='word_1_180' title='bbox 1841 2845 2044 2898; x_wconf 89' lang='lat' dir='ltr'>infero-</span> 
     </span>
     <span class='ocr_line' id='line_1_33' title="bbox 413 2931 2048 3002; baseline -0.002 -15"><span class='ocrx_word' id='word_1_181' title='bbox 413 2953 538 2987; x_wconf 91' lang='lat' dir='ltr'>rum</span> <span class='ocrx_word' id='word_1_182' title='bbox 603 2933 982 3002; x_wconf 88' lang='lat' dir='ltr'>appellatione</span> <span class='ocrx_word' id='word_1_183' title='bbox 1047 2931 1468 3000; x_wconf 84' lang='lat' dir='ltr'>designabatur,</span> <span class='ocrx_word' id='word_1_184' title='bbox 1524 2949 1639 2983; x_wconf 95' lang='lat' dir='ltr'>non</span> <span class='ocrx_word' id='word_1_185' title='bbox 1705 2932 1858 3000; x_wconf 90' lang='lat' dir='ltr'>quod</span> <span class='ocrx_word' id='word_1_186' title='bbox 1917 2931 2048 2994; x_wconf 91' lang='lat' dir='ltr'>illic,</span> 
     </span>
     <span class='ocr_line' id='line_1_34' title="bbox 414 3018 2047 3088; baseline -0.003 -13"><span class='ocrx_word' id='word_1_187' title='bbox 414 3022 559 3075; x_wconf 91' lang='lat' dir='ltr'>sicut</span> <span class='ocrx_word' id='word_1_188' title='bbox 612 3022 681 3074; x_wconf 93' lang='lat' dir='ltr'>de</span> <span class='ocrx_word' id='word_1_189' title='bbox 735 3020 953 3073; x_wconf 85' lang='lat' dir='ltr'>inferno</span> <span class='ocrx_word' id='word_1_190' title='bbox 1007 3018 1340 3088; x_wconf 89' lang='lat' dir='ltr'>simpliciter</span> <span class='ocrx_word' id='word_1_191' title='bbox 1392 3018 1547 3071; x_wconf 89' lang='lat' dir='ltr'>dicto</span> <span class='ocrx_word' id='word_1_192' title='bbox 1601 3019 1816 3088; x_wconf 91' lang='lat' dir='ltr'>passim</span> <span class='ocrx_word' id='word_1_193' title='bbox 1885 3018 2047 3072; x_wconf 91' lang='lat' dir='ltr'>intel-</span> 
     </span>
     <span class='ocr_line' id='line_1_35' title="bbox 413 3105 2052 3177; baseline 0 -17"><span class='ocrx_word' id='word_1_194' title='bbox 413 3107 621 3177; x_wconf 87' lang='lat' dir='ltr'>ligitur,</span> <span class='ocrx_word' id='word_1_195' title='bbox 674 3114 856 3161; x_wconf 90' lang='lat' dir='ltr'>tortor</span> <span class='ocrx_word' id='word_1_196' title='bbox 908 3106 1052 3175; x_wconf 91' lang='lat' dir='ltr'>ignis</span> <span class='ocrx_word' id='word_1_197' title='bbox 1104 3106 1319 3168; x_wconf 90' lang='lat' dir='ltr'>ardeat,</span> <span class='ocrx_word' id='word_1_198' title='bbox 1375 3112 1472 3158; x_wconf 89' lang='lat' dir='ltr'>aut</span> <span class='ocrx_word' id='word_1_199' title='bbox 1536 3105 1725 3174; x_wconf 89' lang='lat' dir='ltr'>vigeat</span> <span class='ocrx_word' id='word_1_200' title='bbox 1790 3105 1900 3158; x_wconf 91' lang='lat' dir='ltr'>alia</span> <span class='ocrx_word' id='word_1_201' title='bbox 1963 3105 2052 3160; x_wconf 85' lang='lat' dir='ltr'>vis</span> 
     </span>
    </p>
   </div>
   <div class='ocr_carea' id='block_1_6' title="bbox 2465 0 2815 3904">
    <p class='ocr_par' dir='ltr' id='par_1_7' title="bbox 2465 0 2815 3904">
     <span class='ocr_line' id='line_1_36' title="bbox 2465 0 2815 3904; baseline 0 0"><span class='ocrx_word' id='word_1_202' title='bbox 2465 0 2815 3904; x_wconf 95' lang='lat' dir='ltr'> </span> 
     </span>
    </p>
   </div>
  </div>
 </body>
</html>
