2815 3911
725 362 911 399 LIBER
953 363 1029 399 1v.
1053 379 1125 385 —
1147 364 1445 402 Ems’roLA
1484 364 1538 400 v.
1865 346 1966 400 281

328 490 688 545 divinitatem
732 499 1067 558 agnoscant,
1113 500 1168 545 et
1212 493 1334 561 ejus
1378 509 1603 544 sacram
1652 489 1976 542 doctrinam

326 577 721 647 profiteantur,
752 595 925 644 quam
955 578 1127 644 quod,
1159 578 1253 646 qui
1282 585 1495 646 praetor
1531 584 1633 631 aut
1670 576 1977 645 praefectus

326 665 384 717 id
438 680 635 715 curare
700 662 964 732 neglexit,
1031 664 1184 715 nulla
1235 684 1337 732 per
1389 662 1755 730 majestatem
1813 668 1975 715 tuam

327 748 483 818 gravi
511 766 683 817 poena
711 748 1038 803 mulctatur.

404 837 481 888 Et
505 835 778 904 quoniam
800 834 894 887 vix
915 854 1082 903 spero
1104 835 1161 888 id
1184 854 1438 904 unquam
1468 835 1741 898 futurum,
1772 852 1975 904 parum

325 922 505 984 abest,
536 921 673 990 quin
704 939 794 974 me
822 921 946 975 haec
974 922 1268 991 scripsisse
1297 922 1595 991 poeniteat,
1621 920 1716 972 ubi
1741 938 1976 990 praeser-

328 1008 433 1060 tim
474 1016 695 1075 reputo,
742 1006 982 1059 forsitan
1026 1008 1388 1075 majestatem
1431 1016 1593 1062 tuam
1623 1025 1691 1061 ex
1719 1007 1829 1061 hoc
1857 1008 1984 1075 ipso

330 1096 484 1161 quod
521 1102 580 1144 te
619 1096 689 1144 de
728 1094 837 1143 hoc
881 1094 1174 1155 admonui,
1224 1092 1629 1144 inexorabilius
1672 1092 1827 1159 apud
1872 1091 1982 1145 Dei

328 1178 579 1232 tribunal
601 1178 1004 1246 judicandam:
1036 1196 1141 1231 nec
1182 1180 1301 1231 scio
1341 1187 1534 1231 utrum
1577 1179 1678 1230 tali
1704 1185 1984 1246 tempore

329 1265 691 1317 admittenda
734 1264 806 1316 sit
853 1264 1115 1332 exceptio
1159 1283 1272 1332 qua
1308 1263 1454 1318 forte
1482 1264 1755 1332 allegabis
1781 1271 1839 1318 te
1868 1281 1983 1317 non

330 1350 503 1402 fuisse
526 1350 841 1417 obligatum
865 1350 937 1401 ad
952 1348 1133 1401 fidem
1163 1349 1553 1402 adhibendam
1585 1349 1729 1402 meis
1757 1347 1982 1402 litteris.

333 1437 438 1487 Ex‘
473 1435 650 1487 animi
704 1435 816 1487 mei
870 1435 1194 1498 sententia,
1231 1453 1459 1488 summa
1515 1435 1645 1499 fide,
1712 1435 1986 1504 profiteor

332 1521 621 1589 majestati
649 1528 783 1584 tuae,
815 1539 907 1573 me
936 1539 1302 1589 nequaquam
1332 1521 1680 1590 scripturum
1704 1521 1829 1575 haec
1850 1520 1983 1574 fuis-

331 1626 410 1672 se,
440 1626 568 1677 quae
610 1607 890 1660 hactenus
937 1607 1191 1676 exposui,
1242 1609 1312 1660 de
1359 1607 1647 1676 praefectis
1694 1615 1983 1676 aut·prae-

332 1694 550 1747 sidibus
594 1693 798 1746 horum
842 1701 1151 1757 tractuum,
1191 1695 1238 1746 si
1276 1712 1448 1763 posse
1486 1713 1578 1746 me
1606 1695 1845 1747 reticere
1873 1695 1985 1746 ista

332 1779 453 1831 sine
474 1780 731 1842 crimine,
761 1781 1104 1847 persuadere
1127 1780 1268 1832 mihi
1291 1781 1405 1833 ullo
1438 1782 1612 1833 modo
1643 1781 2006 1849 potuissem„

405 1865 699 1926 Nondum,
731 1864 999 1926 Domine,
1030 1864 1197 1932 plane
1226 1864 1499 1918 constitui
1527 1883 1601 1918 an
1644 1865 1753 1918 sim
1798 1865 1981 1918 iturus

332 1950 389 2001 in
415 1949 754 2021 Japoniam3
787 1950 888 2001 sed
926 1968 1200 2017 magnum
1240 1948 1380 2001 mihi
1421 1957 1802 2013 momentum,
1834 1957 1896 2003 ut
1926 1949 1983 2002 in

332 2035 632 2087 consilium
664 2052 732 2087 eo
753 2036 1153 2103 proficiscendi
1181 2037 1594 2104 propendeam,
1625 2036 1805 2099 addit,
1830 2036 1985 2104 quod

332 2119 497 2171 valde
551 2119 746 2172 diffido
799 2119 1130 2172 adfuturum
1185 2120 1326 2173 mihi
1380 2120 1474 2174 hic
1520 2122 1578 2174 in
1635 2122 1802 2175 India
1854 2139 1985 2175 eum

333 2224 529 2260 verum
560 2214 615 2259 et
644 2207 934 2258 efficacem
964 2205 1405 2276 magistratuum
1435 2205 1688 2258 favorem
1718 2205 1814 2274 qui
1838 2214 1988 2259 esset

335 2292 690 2344 necessarius
736 2294 809 2344 ad
857 2293 1276 2344 incrementum
1331 2302 1543 2345 nostrae
1592 2303 1807 2344 sanctae
1855 2296 1988 2343 fidei

337 2387 391 2429 et
421 2379 494 2429 ad
523 2377 1018 2429 conservationem
1050 2376 1489 2430 christianitatis
1512 2379 1633 2445 jam
1665 2378 1850 2431 factae.
1931 2433 1934 2436 ,

411 2465 669 2516 Obsecro
712 2472 884 2531 atque
928 2464 1187 2515 obtestor
1230 2464 1596 2530 majestatem
1641 2472 1822 2525 tuam,
1868 2482 1986 2531 per,

338 2567 451 2613 quo
496 2549 683 2599 Deum
732 2548 1047 2599 Dominum
1095 2555 1355 2600 nostrum
1402 2549 1783 2616 prosequeriS,
1829 2567 1987 2600 amo-

338 2652 484 2694 rem3
517 2651 746 2700 quoque
774 2632 980 2699 flagras
1003 2631 1053 2682 ei
1075 2631 1455 2698 gratificandi,
1488 2632 1763 2695 Studium,
1788 2639 1849 2685 ut
1871 2632 1987 2685 tuis

337 2717 685 2770 fidelissimis
713 2735 815 2785 per
844 2717 1040 2769 Indias
1082 2717 1344 2779 subditis,
1388 2717 1645 2786 mihique
1687 2736 1819 2769 cum
1861 2717 1987 2780 illis,

337 2811 564 2854 tantum
610 2803 780 2870 regiae
824 2802 988 2855 istius
1031 2801 1328 2869 indulgeas
1370 2803 1588 2870 gratiae,
1628 2811 1689 2856 ut
1728 2804 1990 2871 proximo

339 2884 490 2941 anno
535 2890 746 2941 multos
791 2896 1002 2940 nostrae
1048 2887 1357 2939 Societatis
1401 2889 1841 2941 concionatores
1878 2888 1990 2941 huc

341 2976 556 3029 mittas,
620 2978 771 3029 Nam
825 2976 948 3039 tibi,
1008 2975 1276 3037 Domine,
1330 2975 1628 3028 verissime
1681 2961 1986 3038 denunciO,

341 3062 585 3121 multum
613 3062 823 3119 talibus
851 3080 1015 3130 egere
1042 3078 1202 3115 arces
1229 3068 1359 3115 tuas
1386 3062 1572 3131 regias
1599 3080 1701 3139 per
1740 3062 1987 3134 Indiam,
