2692 3907
1125 378 1310 413 LIBER
1351 380 1427 414 IV.
1451 395 1523 400 —
1545 379 1841 415 EPISTOLA
1881 380 1934 414 V.

1186 550 1675 610 EPISTOLA
1782 551 1850 609 V.

921 791 1194 870 Joanni
1244 792 1378 852 ΙΙΙ.
1431 792 1618 870 Regi
1670 791 2107 853 Lusitaniae.

768 1050 909 1118 Regi
999 1051 1275 1102 Societatis
1357 1055 1580 1118 patrono
1670 1050 1940 1118 Joannem
2021 1050 2080 1101 de
2170 1050 2341 1102 Villa-

694 1138 909 1188 Condea
988 1138 1210 1204 impense
1290 1137 1632 1186 commendat.
1716 1136 2021 1202 Apostolica
2104 1137 2340 1187 libertate

692 1223 865 1273 Indice
914 1228 1107 1273 statum
1160 1222 1383 1288 exponit,
1437 1239 1685 1287 suumque
1738 1222 1797 1271 de
1842 1222 2189 1289 propaganda
2230 1222 2340 1288 fide

693 1309 989 1370 consilium,
1063 1308 1377 1359 enumeratis
1441 1308 1711 1376 periculis.
1785 1309 2150 1376 Propagandce
2206 1309 2342 1375 fidei

692 1396 853 1448 socios
906 1395 1178 1463 efflagitat,
1235 1395 1432 1446 labores
1484 1413 1600 1446 suos
1653 1400 1889 1456 recenset,
1938 1395 2110 1446 Indice
2155 1395 2340 1464 episco-

683 1493 833 1557 pum,
882 1493 928 1539 et
976 1488 1311 1540 Cocinensem
1354 1487 1738 1556 proepiscopum
1784 1492 2091 1556 magnopere
2138 1488 2340 1541 laudat.

989 1643 1257 1705 Domine,

706 1801 903 1933 DE
967 1803 1135 1853 rebus
1198 1802 1531 1868 religionem
1593 1808 1648 1852 et
1706 1802 1812 1853 Dei
1870 1802 2105 1854 Domini
2159 1802 2341 1854 nostri

894 1886 1109 1937 cultum
1177 1894 1350 1951 atque
1416 1885 1756 1951 obsequium
1824 1886 2219 1951 spectantibus
2283 1886 2340 1936 in

691 1972 780 2022 his
843 1973 957 2023 oris
1023 1972 1296 2022 Malaccae
1352 1981 1407 2021 et
1476 1972 1707 2033 Moluci,
1773 1974 2001 2022 confido
2070 1974 2338 2039 maJesta-

692 2064 811 2109 tem
865 2064 1025 2109 tuam
1080 2057 1152 2107 ad
1207 2056 1493 2107 minutum
1549 2055 1820 2107 distincte
1868 2055 2226 2122 cognituram
2274 2075 2342 2108 ex

692 2142 898 2195 litteris
952 2161 1095 2210 quas
1149 2141 1335 2193 scribo
1384 2141 1457 2192 ad
1508 2140 1859 2193 Societatem
1908 2141 1965 2193 in
2015 2143 2338 2211 Europam3

695 2246 825 2283 cum
871 2227 1077 2297 quibus
1124 2234 1256 2281 sunt
1305 2226 1477 2281 etiam
1528 2226 1803 2295 rescripta
1851 2227 1922 2280 ad
1966 2226 2186 2282 litteras
2230 2226 2341 2282 huc

693 2316 765 2368 ad
821 2336 926 2367 nos
979 2316 1145 2367 datas
1198 2335 1230 2366 a
1281 2323 1357 2376 te,
1415 2313 1681 2376 Domine,
1732 2335 1901 2383 quem
1951 2314 2231 2367 habemus
2284 2325 2340 2368 et

692 2404 1060 2473 agnoscimus
1136 2403 1487 2471 praecipuum
1564 2410 1618 2454 et
1684 2420 1881 2454 verum
1948 2411 2335 2470 protectorem

692 2490 971 2542 universae
1045 2488 1351 2540 Societatis
1420 2489 1576 2557 JeSU,
1654 2505 1848 2539 amore
1914 2507 1980 2539 ac
2047 2489 2340 2540 beneficiis

694 2576 983 2628 cumulate
1044 2575 1175 2627 talis
1239 2574 1489 2625 nominis
1522 2574 1797 2625 *officium
1853 2575 2195 2642 explentem.
2253 2577 2340 2627 De

693 2669 846 2715 statu
910 2661 1199 2728 religionis
1261 2677 1327 2711 ac
1386 2659 1825 2711 christianitatis
1887 2661 2087 2722 Indiae,
2142 2661 2220 2728 pii
2274 2679 2340 2713 ac

687 2747 936 2813 religiosi
989 2747 1112 2806 viri,
1178 2746 1272 2811 qui
1327 2745 1497 2795 istinc
1560 2746 1632 2794 ad
1685 2764 1805 2805 vos,
1864 2747 2056 2795 studio
2111 2766 2335 2812 promo-

685 2832 856 2884 vendi
923 2831 1099 2884 divini
1165 2830 1444 2898 obsequii,
1514 2847 1572 2881 se
1629 2829 1948 2893 conferunt,
2007 2838 2165 2883 tuam
2223 2849 2338 2883 ma-

683 2918 957 2986 jestatem
1016 2916 1348 2986 plenissime
1402 2916 1711 2968 docebunt.

765 3005 1051 3056 Praeterea
1116 3005 1286 3053 Pater
1345 3003 1600 3070 Joannes
1667 3001 1737 3052 de
1802 3001 2219 3053 Villa-Condea
2279 3003 2338 3053 fi-

686 3089 828 3144 delis
887 3090 993 3140 Dei
1051 3088 1328 3148 minister,
1386 3094 1441 3137 et
1489 3086 1669 3138 multa
1715 3087 1995 3153 praeditus
2043 3088 2336 3155 experien-
