2692 3907
714 357 819 412 422
1170 358 1355 397 LIBER
1395 359 1448 398 V.
1467 359 1850 399 -EPISTOLA
1889 361 1967 398 VI.

721 492 832 546 ista
876 502 1025 557 sunt,
1070 502 1125 547 et
1169 513 1369 563 parum
1408 494 1628 565 juvant,
1674 496 1781 548 nisi
1824 496 1979 567 prius
2024 496 2352 568 aperiantur

714 583 783 636 iis
828 583 1109 653 profunde
1171 585 1545 638 admittendis
1598 586 1924 639 auditorum
1978 587 2172 640 animi.
2229 588 2348 639 Ho-

715 687 842 725 rum
902 687 1071 738 porro
1133 672 1566 724 reserandorum
1630 680 1784 725 certa
1842 672 2016 725 clavis
2073 680 2177 735 est,
2240 672 2351 725 ista

716 775 889 829 quam
934 756 1047 810 dixi
1091 758 1524 827 repraesentatio
1572 767 1755 813 status
1801 760 2009 813 interni
2057 761 2349 830 cujusque,

717 846 898 913 perite
941 863 974 896 a
1017 846 1447 897 consuetudinis
1493 845 1760 898 humanae
1806 848 1952 899 bene
1997 864 2174 914 gnaro
2220 864 2350 898 con-

720 930 1014 983 cionatore
1057 927 1228 991 facta,
1274 938 1328 982 et
1373 930 1428 981 in
1473 931 1625 982 bono
1667 931 1880 984 lumine
1918 932 2191 1000 cujusque
2228 949 2351 983 sen-

721 1018 875 1070 sibus
928 1017 1173 1085 objecta.

796 1104 1276 1174 Quandoquidem
1320 1122 1423 1173 pro
1467 1123 1568 1158 sua
1616 1105 2009 1158 munificentia
2055 1105 2354 1159 constituit

721 1208 835 1252 rex,
878 1198 939 1243 ut
981 1190 1092 1242 illic
1131 1190 1235 1243 tibi
1275 1192 1597 1244 necessaria
1637 1193 1708 1244 ad
1747 1192 1962 1244 victum
2004 1210 2034 1243 e
2074 1210 2177 1244 suo
2216 1192 2354 1244 fisco

721 1278 1125 1347 praeberentur,
1181 1286 1338 1330 utere
1392 1279 1484 1330 illa
1542 1279 1743 1347 optimi
1809 1279 2080 1347 principis
2144 1279 2353 1347 gratia-3

722 1373 777 1419 et
831 1383 864 1418 a
917 1365 1051 1418 solis
1105 1365 1281 1433 ipsius
1335 1365 1609 1419 ministris
1662 1366 1855 1433 accipe
1907 1365 2039 1419 vitae
2105 1365 2356 1418 subsidia

722 1452 927 1521 quibus
981 1452 1220 1520 indigeS,
1285 1453 1356 1504 ab
1410 1452 1533 1505 aliis
1579 1453 1726 1506 ultro
1772 1452 1946 1505 etiam
1993 1453 2185 1506 oblata
2231 1453 2354 1521 reji-

722 1541 910 1601 ciens3
971 1558 1104 1592 nam
1149 1541 1221 1592 ad
1268 1541 1668 1594 auctoritatem
1717 1541 2152 1610 libertatemque
2200 1559 2356 1593 cura-

720 1627 860 1680 toris
921 1627 1261 1690 animarum,
1325 1628 1561 1696 insignis
1623 1636 1708 1681 est
1774 1628 2070 1690 momenti,
2143 1628 2356 1680 nemini

723 1732 920 1767 eorum
976 1733 1119 1781 quos
1172 1714 1411 1781 dirigere
1463 1715 1520 1766 in
1568 1714 1766 1767 salutis
1810 1715 1919 1777 via,
1967 1723 2022 1766 et
2065 1714 2159 1766 ubi
2201 1715 2357 1766 aber-

721 1801 969 1855 raverint
1017 1802 1298 1869 corripere
1345 1801 1745 1869 retrahereque
1786 1802 1972 1864 debet,
2016 1819 2139 1853 esse
2180 1802 2354 1853 obno-

722 1888 876 1940 xium
941 1887 1109 1939 titulo
1174 1888 1526 1955 praebitionis
1594 1888 2018 1952 alimentorum,
2081 1887 2190 1939 hoc
2252 1896 2358 1953 est,

721 1974 899 2028 vitam
947 1982 1001 2027 et
1049 1974 1309 2041 spiritum
1357 1975 1590 2036 debere;
1638 1993 1881 2042 vereque
1924 1976 1993 2027 de
2036 1974 2144 2026 hoc
2186 1992 2352 2042 gene-

721 2079 783 2113 re
834 2061 1116 2113 donorum
1173 2060 1282 2112 dici
1337 2060 1506 2112 solet:
1564 2060 1658 2128 qui
1713 2061 1864 2128 capit
1911 2061 2160 2129 capitur:
2216 2060 2356 2111 fidu-

723 2148 870 2201 ciam
934 2147 1197 2200 videlicet
1263 2147 1476 2200 amittit
1543 2148 1854 2215 quidquam
1909 2148 2034 2215 jure
2092 2148 2353 2199 censorio

725 2234 932 2303 agendi
976 2252 1105 2286 cum
1150 2253 1235 2297 e0,
1281 2233 1442 2302 cujus
1485 2234 1768 2302 patronali
1812 2234 2141 2287 reverentiae
2188 2233 2358 2286 clien-

729 2322 803 2374 tis
852 2320 1174 2374 humilitate
1222 2340 1281 2373 se
1328 2322 1603 2391 adstringi
1655 2340 1857 2390 passus
1910 2331 2013 2374 est.
2072 2322 2225 2374 Hinc
2277 2331 2362 2375 est

731 2410 883 2478 quod
928 2399 1239 2462 aestuamus
1282 2408 1338 2460 in
1381 2409 1567 2462 verbis
1610 2410 1957 2477 reperiendis
2000 2410 2203 2477 quibus
2244 2427 2363 2462 cas-

731 2495 996 2566 tigemus,
1039 2497 1269 2566 quando
1311 2505 1617 2559 merentur,
1661 2497 1756 2566 qui
1797 2516 1901 2549 nos
1941 2506 2211 2565 pascunt;
2267 2506 2363 2550 aut

735 2584 779 2636 si
833 2583 948 2635 vim
1001 2583 1360 2636 verecundiae
1413 2583 1515 2634 zeli
1570 2592 1741 2651 atque
1787 2584 1955 2635 officii
2003 2584 2242 2651 imperio
2288 2583 2365 2635 fa-

737 2673 939 2735 cimuS,
988 2672 1175 2724 minus
1220 2679 1415 2724 tamen
1461 2671 1807 2740 proficimus,
1856 2671 2007 2741 apud
2055 2671 2366 2740 despicien-

738 2769 824 2813 tes
868 2778 973 2813 nos
1016 2760 1263 2829 quodam
1311 2758 1610 2827 supercilio
1658 2758 1913 2822 dominii,
1960 2758 2366 2811 beneficiorum

735 2846 793 2899 in
840 2866 944 2900 nos
989 2847 1376 2916 impensorum
1424 2846 1608 2915 pretio
1661 2846 1784 2909 sibi,
1839 2855 1900 2899 ut
1953 2854 2178 2915 putant,
2232 2847 2363 2916 legi-

737 2937 877 2989 time
929 2937 1130 3004 parati.

814 3027 999 3094 Atque
1052 3024 1160 3078 hoc
1207 3043 1338 3078 cum
1385 3024 1643 3077 universe
1689 3041 1884 3075 verum
1932 3030 2036 3085 est,
2081 3030 2204 3075 tum
2253 3040 2368 3074 ma—

740 3113 824 3178 gis
877 3113 1062 3164 locum
1120 3113 1290 3163 habet
1340 3113 1393 3162 in
1443 3112 1610 3164 certis
1657 3111 2000 3171 hominibus,
2050 3111 2119 3160 de
2166 3110 2370 3181 quibus
