2815 3911
657 362 839 400 LIBER
880 363 955 400 IV.
979 378 1050 385 —
1072 363 1364 402 EPISTOLA
1402 364 1503 402 XII.
1788 359 1893 416 325

342 495 429 557 Ad
479 495 616 546 Rev.
667 493 980 547 Dominum
1033 495 1294 563 pluribus
1329 497 1515 557 scribo
1561 513 1730 565 super
1781 494 1891 547 col-

270 580 415 649 legio
476 579 921 634 Villae-Vitiosae.
979 581 1143 636 Faxit
1199 583 1375 646 Deus,
1432 590 1492 636 ut
1545 600 1658 635 non
1713 598 1893 644 secuS,

271 688 335 721 ac
401 667 507 737 ipsi
572 667 718 730 dico,
784 667 911 721 fiat:
983 667 1121 721 alias
1186 668 1336 722 enim
1393 668 1531 722 nihil
1582 667 1894 722 admodum

270 757 384 808 fiet.

346 840 545 894 Scribo
591 840 764 892 etiam
814 841 886 892 ad
938 841 1237 894 Parentem
1284 842 1574 910 Ignatium
1623 848 1901 909 quantum

274 929 412 980 satis
464 935 583 1005 ests
602 926 673 977 ad
728 925 1081 994 explananda
1142 926 1329 989 dubia,
1382 945 1507 995 quae
1555 927 1667 980 illic
1712 944 1901 979 move-

272 1016 500 1077 buntur,
549 1012 819 1081 quoniam
867 1030 982 1064 non
1021 1013 1178 1081 parvi
1225 1021 1355 1066 sunt
1403 1013 1689 1082 ponderis.
1741 1014 1899 1064 Deus

273 1108 467 1153 tamen
536 1115 759 1167 semper
823 1096 973 1151 idem
1038 1106 1248 1162 manet,
1316 1106 1371 1153 et
1424 1116 1526 1152 sua
1590 1106 1675 1152 est
1729 1114 1901 1152 causa

274 1189 401 1250 ista,
455 1186 688 1256 ipseque
740 1183 892 1237 illam
945 1183 1212 1238 tuebitur.

348 1276 550 1327 Frater
598 1272 829 1325 Rochus
881 1272 1181 1325 Martinius
1225 1273 1444 1326 laborat
1486 1271 1753 1336 febribuS,
1802 1273 1902 1325 sed

275 1380 308 1413 a
353 1359 557 1429 quibus
603 1359 652 1411 ei
698 1357 1010 1427 periculum
1053 1375 1167 1410 non
1212 1358 1514 1421 timemus;
1563 1359 1683 1427 ipse
1730 1375 1902 1411 manu

277 1463 378 1498 sua
430 1445 642 1498 scribit.
1812 1453 1821 1461 ·

349 1530 548 1583 Brevis
599 1528 827 1583 navium
882 1545 1040 1582 mora
1090 1528 1401 1597 longiorem
1467 1546 1558 1582 me
1611 1546 1734 1583 esse
1788 1546 1902 1582 non

276 1618 506 1689 patitur,
561 1626 617 1669 et
670 1635 796 1686 quae
850 1615 1029 1684 magis
1082 1615 1368 1684 praecipua
1420 1623 1571 1679 sunt,
1639 1616 1697 1668 in
1750 1633 1902 1669 com-

278 1705 543 1760 munibus
605 1704 807 1760 litteris
871 1704 1251 1758 continentur.
1319 1705 1486 1774 Quod
1558 1704 1604 1755 si
1672 1721 1899 1774 possem

277 1794 332 1845 in
385 1785 637 1862 privetis,
693 1790 749 1843 id
801 1791 996 1860 utique
1047 1789 1286 1843 libenter
1338 1790 1640 1844 efficerem.

352 1966 787 2020 Sanctissimum
823 1967 959 2037 Jesu
995 1984 1204 2018 nomen
1248 1982 1471 2035 semper
1514 1965 1680 2019 nobis
1727 1965 1902 2018 adsit!

425 2142 569 2203 Goa,
624 2142 728 2194 XI.
786 2140 982 2193 Kalen.
1034 2142 1266 2211 Januar.
1324 2141 1733 2193 MDXLVHI,

498 2317 704 2368 Servus
756 2315 813 2367 in
865 2314 1095 2366 nomine
1146 2315 1301 2384 Jesu.

989 2488 1332 2539 FRANCISCU
1342 2502 1369 2538 S
1413 2502 1493 2537 DE
1535 2486 1832 2539 XAVERIO.

769 2827 811 2853 ς’
978 2823 1039 2851 Ὦ
1141 2824 1281 2873 fra-3
1296 2828 1419 2894 Q

769 2832 891 2892 Q&
906 2823 1248 2900 ᾖξ’)ιν
1256 2879 1282 2896 -ο
