2692 3907
714 392 821 445 390
1141 391 1325 426 LIBER
1364 392 1416 426 V.
1436 392 1822 427 ——EPISTOLA
1861 392 1914 425 V.

711 519 1037 573 christianis
1101 528 1273 589 atque
1343 521 1602 584 ethniciS,
1680 540 1822 590 quos
1898 522 2001 587 ad·
2048 520 2340 574 Christum

709 606 1264 676 quantuluscumque
1317 617 1646 677 aggregaret
1700 608 1873 659 favor.

784 695 954 747 Mitto
995 696 1067 747 ad
1107 703 1163 747 te
1202 696 1612 765 Japonicarum
1656 696 1972 748 litterarum
2018 703 2202 747 notas,
2245 697 2338 765 Ja-

704 799 884 849 pones
930 781 1139 850 quippe
1186 782 1257 833 ab
1304 782 1426 834 aliis
1473 782 1528 834 in
1578 782 1861 835 scribendi
1915 782 2133 835 ratione
2186 782 2337 834 diffe-

699 876 831 921 runt
884 868 1209 936 plurimum.
1268 870 1417 920 Nam
1471 887 1503 921 a
1557 881 1783 921 summo
1838 869 1950 920 orsi
2007 868 2221 920 directe
2267 869 2338 920 ad

703 953 818 1005 ima
865 954 1236 1006 descendunt.
1288 953 1578 1022 Quaerenti
1628 953 1766 1006 mihi
1820 971 1887 1007 ex
1941 953 2117 1006 Paulo
2167 954 2336 1024 Japo-

702 1059 790 1104 ne,
846 1058 945 1094 cur
998 1048 1193 1092 nostro
1249 1059 1404 1093 more
1460 1059 1575 1093 non
1634 1041 1971 1094 scriberent:
2021 1040 2173 1111 Quin
2219 1058 2337 1103 VOS,

699 1129 883 1198 inquit
931 1128 1038 1191 ille,
1094 1129 1292 1197 potius
1346 1147 1502 1181 more
1556 1131 1786 1182 nostro?
1844 1129 2075 1182 Etenim
2128 1136 2190 1181 ut
2240 1128 2337 1180 ho-

695 1216 865 1269 minis
918 1224 1089 1285 caput
1142 1235 1429 1270 summum
1485 1224 1589 1280 est,
1656 1217 1829 1285 pedes
1894 1216 2011 1281 imi,
2080 1216 2162 1269 sic
2232 1234 2336 1285 par

700 1310 804 1368 est,
859 1302 1121 1357 homines
1176 1322 1304 1357 cum
1360 1294 1634 1368 scribunt,
1703 1322 1735 1357 a
1789 1322 2014 1358 summo
2071 1304 2335 1357 deorsum

699 1390 912 1445 directe
953 1389 1101 1444 ferri.
1148 1391 1609 1461 Descriptionem
1652 1391 1788 1445 item
1829 1391 2089 1462 Japoniae
2127 1398 2181 1444 et
2217 1408 2334 1443 mo-

698 1496 823 1530 rum
878 1477 1023 1530 illius
1075 1478 1261 1545 gentis
1314 1497 1346 1530 a
1403 1478 1595 1541 Paulo,
1655 1497 1894 1530 summae
1939 1478 2224 1546 religionis
2270 1496 2336 1530 ac

695 1564 827 1617 fidei
872 1564 1010 1628 viro,
1060 1573 1356 1634 acceptam
1405 1565 1513 1618 tibi
1562 1566 1748 1619 mitto,
1800 1567 1937 1619 Post
1991 1566 2133 1618 duos
2181 1585 2335 1618 men-

698 1668 787 1703 ses
833 1668 938 1719 ego
984 1669 1114 1703 cum
1165 1653 1226 1703 P.
1278 1653 1492 1704 Cosmo
1540 1652 1842 1715 TurrianO,
1896 1652 2071 1705 Paulo
2114 1660 2169 1705 et
2212 1652 2335 1705 aliis

696 1738 1016 1808 Japonibus
1058 1739 1280 1790 duobus
1323 1738 1539 1791 solvam
1586 1739 1676 1802 (si
1719 1740 1843 1790 Deo
1886 1738 2040 1791 cordi
2082 1738 2231 1802 erit)
2278 1737 2335 1790 in

696 1825 1024 1895 Japoniam.
1076 1826 1218 1878 Inde
1267 1826 1400 1894 quid
1450 1843 1646 1878 eorum
1700 1826 1902 1879 litteris
1955 1826 2333 1889 contineatur,

698 1912 770 1964 ad
817 1919 873 1964 te
920 1912 1287 1980 perscribam.
1338 1913 1487 1964 Nam
1535 1932 1601 1965 ex
1649 1912 1825 1964 Paulo
1878 1911 2110 1964 homine
2156 1911 2335 1965 idiota

697 2017 1040 2068 cognoscere
1094 2017 1206 2052 non
1261 2001 1439 2069 potui,
1504 2002 1658 2069 quod
1725 2018 2015 2069 nunquam
2083 1999 2334 2069 attigerit

696 2088 978 2159 Japonica
1029 2088 1347 2142 litterarum
1404 2096 1794 2153 monumenta,
1850 2106 1975 2159 quae
2033 2087 2336 2153 (similiter

699 2183 759 2229 ut
812 2177 964 2244 apud
1019 2195 1122 2230 nos
1175 2176 1298 2229 libri
1354 2177 1549 2245 scripti
1606 2176 1855 2239 Latine)
1926 2175 2109 2229 aliena
2173 2175 2334 2245 quasi

695 2265 943 2334 quadam
998 2264 1189 2334 lingua
1242 2265 1568 2334 loquuntur.

767 2354 936 2424 Jesus
985 2353 1268 2406 Dominus
1322 2360 1516 2404 noster
1567 2354 1742 2404 doceat
1793 2370 1882 2403 nos
1924 2353 2101 2421 facere
2154 2350 2331 2403 volun-

695 2445 851 2493 tatem
878 2459 1028 2493 suam
1051 2450 1094 2503 Ι,
1126 2448 1181 2493 et
1211 2440 1378 2508 hujus
1407 2440 1537 2493 vitae
1567 2440 1855 2492 laboribus
1883 2438 2229 2507 perfunctOS‚
2260 2440 2331 2491 ad

693 2527 923 2579 beatam
953 2526 1105 2579 illam
1137 2534 1524 2595 aeternamque
1553 2526 1859 2579 transferat
1882 2527 2093 2578 sedem!
2127 2527 2329 2578 Amen.

771 2680 932 2732 XIX.
990 2679 1113 2731 Kal.
1171 2681 1337 2732 Febr.
1418 2679 1639 2732 Cocini.

735 3173 765 3209 I.
790 3173 892 3210 Psal.
918 3173 1066 3204 CXLII.
1088 3174 1138 3204 10.
