2692 3907
794 404 900 459 394
1210 406 1393 441 LIBER
1432 406 1485 441 V.
1505 406 1887 441 —EPISTOLA
1926 405 2004 441 VI.

794 536 1062 588 ductione
1127 536 1227 598 tui,
1283 535 1368 587 vel
1423 536 1789 588 incommodo
1843 544 1939 588 aut
1995 537 2206 588 damno
2253 553 2422 604 nego-

791 624 1001 676 tiorum
1054 632 1109 675 te
1163 623 1351 675 dolere
1405 624 1475 675 sit
1530 641 1777 675 necesse.
1836 623 2027 691 Exigit
2082 622 2230 675 hanc
2285 641 2317 675 a
2366 631 2423 675 te

793 711 1410 763 irremissae-custodiae
1451 711 1699 779 vigiliam
1741 710 1991 779 pravitas
2032 710 2201 778 hujus
2235 708 2425 763 saeculi

793 817 1057 867 nequam,
1101 800 1261 866 cujus
1301 800 1398 850 filii
1440 800 1584 851 filios
1618 799 1757 851 lucis
1787 799 2173 867 suspicacibus
2203 817 2428 867 semper

793 885 971 937 oculis
1033 885 1364 938 observant:
1430 885 1602 937 debes
1665 886 1924 938 eamdem
1988 892 2087 938 tuo
2140 885 2316 953 ipsius
2368 885 2424 938 in

794 973 993 1041 spiritu
1035 972 1332 1041 profectui,
1376 971 1526 1023 haud
1568 971 1756 1040 parvis
1797 971 2166 1025 incrementis
2199 990 2423 1040 proces-

793 1078 941 1122 surO,
989 1060 1031 1112 si
1076 1067 1258 1112 totam
1305 1060 1376 1111 ad
1421 1059 1644 1127 quidvis
1691 1060 1811 1128 agis
1856 1068 1952 1112 aut
1994 1060 2258 1128 loqueris,
2297 1078 2423 1129 pru-

793 1146 1001 1199 dentiae
1051 1145 1442 1197 moderatricis
1490 1145 1865 1198 attentionem
1916 1145 2245 1199 adverteris,

869 1233 1218 1285 Praemunies
1271 1233 1350 1284 sic
1404 1234 1576 1284 etiam
1625 1234 1895 1284 adversus
1941 1234 2254 1301 periculum
2305 1252 2424 1285 mu-

792 1321 1044 1383 tationiS‚
1093 1321 1243 1373 leves
1291 1321 1604 1373 amicorum
1653 1321 1903 1383 animos3
1954 1329 2007 1373 et
2054 1321 2109 1373 in
2155 1327 2426 1390 quocum-

794 1427 903 1477 que
944 1415 1151 1460 eventu
1193 1406 1520 1459 defensores
1561 1407 1707 1474 apud
1753 1425 1850 1459 eos
1889 1406 1991 1459 tibi
2029 1407 2272 1475 parabiS,
2313 1426 2425 1461 me-

795 1496 1035 1547 moriam
1096 1497 1410 1547 observatae
1470 1495 1526 1546 in
1579 1503 1635 1547 te
1689 1495 2064 1558 rectitudiniS‚
2120 1503 2175 1548 et
2230 1503 2424 1548 natam

794 1601 860 1635 ex
904 1601 970 1634 ea
1012 1583 1413 1635 verecundiam
1459 1583 1560 1645 tui,
1607 1601 1718 1651 qua
1761 1583 1855 1635 ubi
1900 1602 1932 1635 a
1968 1592 2024 1635 te
2066 1583 2425 1646 desciverint,

794 1667 1065 1719 confundi
1103 1689 1200 1720 eos
1240 1668 1310 1721 sit
1353 1688 1601 1721 necesse.
1648 1669 1826 1721 Simul
1869 1669 1979 1723 ista
2019 1669 2304 1735 reputatio
2346 1670 2425 1722 in-

793 1758 1121 1809 stabilitatis
1175 1758 1473 1808 hominum
1527 1759 1747 1820 efficiet,
1798 1767 1857 1808 ut
1903 1760 2089 1808 Deum
2133 1756 2426 1819 intuearis,

793 1850 852 1896 ut
906 1849 962 1896 te
1016 1842 1214 1896 intime
1270 1843 1570 1911 despicias,
1628 1851 1686 1898 ut
1738 1845 1943 1913 ubique
1995 1845 2263 1913 praesenti
2313 1847 2428 1897 Nu-

793 1933 931 1982 mini
980 1934 1324 1983 demissione
1372 1934 1585 1995 infima,
1632 1934 1912 1985 suavitate
1954 1953 2162 2000 magna
2205 1953 2430 2001 semper

792 2021 1113 2073 adhaereas:
1164 2022 1415 2088 qualium
1461 2023 1882 2073 intermissione
1926 2022 2240 2073 officiorum
2287 2021 2429 2072 mul-

793 2113 852 2158 ta
900 2106 1062 2159 nobis
1110 2107 1409 2175 obrepunt,
1460 2108 1841 2175 spectantium
1893 2109 2086 2162 oculos
2139 2109 2427 2172 laedentia,

794 2203 849 2246 et
904 2195 1126 2246 illorum
1175 2215 1207 2246 a
1256 2196 1420 2246 nobis
1474 2195 1684 2247 sensim
1739 2195 2124 2248 abalienantia
2170 2195 2428 2248 volunta-

793 2288 897 2333 tes.
956 2283 1129 2334 Istius
1183 2301 1331 2334 curae
1385 2291 1606 2350 partem
1660 2270 1905 2350 explebit
1960 2302 2217 2344 examen,
2275 2282 2427 2349 quod

793 2369 1131 2434 particulare
1179 2369 1440 2430 dicim11S‚
1490 2370 1641 2436 quod
1691 2388 1759 2421 ne
1806 2370 1909 2431 bis,
1959 2377 2055 2421 aut
2104 2369 2277 2421 semel
2322 2368 2427 2420 sal-

789 2463 926 2518 tem,
959 2463 1095 2524 quot
1144 2456 1360 2518 diebus,
1411 2456 1520 2508 ritu
1570 2455 1734 2507 nobis
1781 2455 1966 2518 soiitO,
2013 2473 2289 2523 usurpes;
2338 2473 2426 2506 ca-

790 2561 857 2594 ve
905 2543 1014 2595 ulla
1062 2560 1315 2610 unquam
1364 2544 1665 2611 quantavis
1709 2544 1982 2610 impediat
2029 2543 2350 2610 occupatio.

863 2631 1011 2680 Ante
1066 2629 1260 2680 omnia
1313 2629 1555 2696 primam
1612 2647 1677 2680 ac
1731 2629 2015 2696 potiorem
2070 2646 2265 2681 curam
2312 2636 2425 2680 tuae

791 2718 1154 2778 mundandae,
1210 2725 1382 2783 atque
1437 2716 1680 2767 innoxiae
1735 2717 2076 2783 praestandae
2137 2713 2427 2766 conscien-

786 2803 881 2855 tiae
923 2803 1216 2869 impende:
1261 2802 1571 2854 alienarum
1615 2803 2142 2870 praeservandarum
2193 2809 2290 2853 aut
2340 2819 2425 2852 sa-

785 2891 1103 2942 nandarum
1149 2889 1430 2959 posterior
1473 2888 1573 2939 tibi
1620 2897 1743 2939 esto
1789 2888 2108 2955 diligentia:
2157 2905 2290 2939 nam
2330 2886 2425 2954 qui
2480 2939 2486 2942 .

779 2978 884 3030 sibi
933 2978 1079 3030 male
1128 2979 1390 3040 consulit,
1440 2980 1730 3045 quomodo
1778 2979 2048 3045 prodesse
2095 2977 2219 3027 aliis
2267 2984 2422 3044 pote-

777 3065 883 3115 rit?
929 3064 1286 3116 Concionare
1329 3064 1399 3115 ad
1442 3064 1714 3130 populum
1758 3064 1992 3115 omnino
2042 3082 2212 3131 quam
2266 3070 2423 3130 pote-

775 3152 849 3203 ris
907 3150 1391 3220 frequentissime:
1454 3150 1732 3200 Iatissime
1798 3150 2007 3220 quippe
2070 3169 2127 3200 se
2188 3147 2423 3216 porrigit
