2692 3907
699 415 804 467 310
1101 413 1285 471 LIBER
1327 413 1401 451 IV.
1426 427 1497 433 —
1519 413 1812 453 EPISTOLA
1854 415 1927 453 IX.

769 546 899 598 Scio
985 545 1182 597 datum
1270 545 1563 612 negotium
1647 546 1901 599 accensis
1977 548 2145 615 regiis
2233 548 2328 617 qui

696 631 1091 702 praefecturam
1138 630 1195 681 in
1242 648 1308 682 ea
1350 639 1518 699 gente
1561 631 1807 700 aliquam
1852 642 2131 698 exercent,
2177 654 2328 687 com-

699 721 1032 771 mendatum
1110 720 1245 770 item
1333 720 1587 787 impense
1663 722 2180 788 patribusfamiliaS,
2270 732 2331 776 ut

702 807 868 859 simul
921 808 1154 858 domum
1208 807 1311 857 sibi
1365 814 1592 872 auctam
1646 826 1792 859 novo
1846 809 2152 877 conjugum
2207 829 2330 879 par-

697 904 758 948 tu
823 894 1084 957 viderint,
1151 894 1297 946 ultro
1362 894 1632 958 indicent,
1699 903 1754 948 et
1807 896 2074 965 baptismi
2140 883 2373 950 minis--

698 991 816 1034 tros
881 989 1195 1032 accersant.
1296 981 1612 1033 Indormire
1688 990 1881 1033 tamen
1960 983 2035 1034 illi
2111 984 2331 1036 fiduciae

700 1086 814 1123 non
880 1067 1122 1135 expedit.
1192 1069 1267 1120 Et
1333 1068 1558 1120 accensi
1634 1068 1771 1122 alias
1848 1086 1935 1123 res
2013 1078 2201 1139 agent,
2275 1078 2331 1125 et

699 1162 889 1225 patres
972 1152 1390 1215 obliviscentur,
1469 1154 1683 1221 parvuli
1760 1154 1986 1207 interim
2063 1157 2332 1225 inexpiati

702 1242 1031 1295 morientur.
1089 1241 1174 1291 Ite
1227 1240 1396 1307 igitur
1444 1259 1545 1292 vos
1591 1241 1714 1308 ipsi,
1769 1242 2053 1310 indagate,
2106 1244 2331 1297 investi-

700 1337 830 1398 gate
905 1333 1310 1396 percontantes
1387 1327 1638 1379 ostiatim
1715 1345 1895 1396 ecqua
1970 1329 2185 1393 mulier,
2267 1349 2335 1384 ex

702 1435 813 1485 quo
877 1413 1002 1465 illac
1067 1412 1369 1474 transistis,
1436 1413 1601 1465 enixa
1664 1412 1864 1466 foetum
1930 1414 2028 1476 sit;
2095 1417 2331 1485 ecquod,

701 1502 1251 1571 quomodocumque,
1339 1500 1414 1551 ibi
1500 1502 1810 1569 reperiatur
1895 1504 2149 1555 nondum
2239 1505 2332 1556 ab·

702 1588 882 1640 lutum
969 1603 1116 1654 aqua
1200 1585 1415 1637 lustrali
1493 1593 1681 1653 caput.
1762 1587 1869 1638 Vix
1944 1605 2196 1656 unquam
2279 1589 2335 1641 id

701 1674 907 1726 frustra
956 1672 1314 1741 quaesieritis3
1358 1671 1643 1739 proferent
1685 1673 1993 1726 infantulos
2007 1694 2019 1735 3
2074 1695 2174 1727 vos
2214 1676 2335 1729 sine

704 1778 862 1811 mora
904 1758 1133 1811 Christo
1174 1758 1411 1819 initiate,
1470 1767 1524 1810 et
1571 1759 1627 1810 in
1693 1767 1819 1811 tuto
1872 1759 2055 1812 locate
2095 1761 2335 1814 salutem

704 1847 928 1909 animae,
970 1847 1182 1914 absque
1223 1845 1331 1896 ista
1372 1845 1674 1897 sedulitate
1735 1847 1980 1915 graviter
2018 1848 2336 1916 periclitan-

702 1934 775 1985 tis
828 1934 897 1985 de
955 1934 1179 2000 jactura
1232 1932 1491 1984 facienda
1543 1932 1830 1985 felicitatis
1885 1935 2262 2001 sempiternae.

776 2017 1005 2068 Credite
1058 2015 1195 2066 mihi
1248 2023 1496 2083 experto.
1552 2018 1764 2068 Totum
1818 2036 1885 2068 ex
1952 2018 2132 2080 nobis,
2193 2019 2339 2071 inter

702 2112 930 2170 gentem
985 2104 1172 2162 istam,
1227 2103 1463 2168 alicujus
1516 2104 1790 2153 momenti
1856 2123 2041 2170 operae
2092 2107 2337 2171 pretium

702 2192 774 2242 ad
827 2191 939 2241 duo
992 2190 1220 2241 demum
1275 2189 1458 2240 officia
1512 2189 1799 2257 redigitur,
1863 2190 2336 2258 baptizandorum

703 2276 1025 2339 infantium,
1112 2284 1166 2329 et
1243 2294 1546 2344 puerorum
1630 2285 1937 2346 utcumque
2027 2278 2338 2347 disciplinae

703 2365 1017 2434 capacium,
1105 2363 1561 2416 erudiendorum.
1646 2365 1834 2433 Quare
1913 2364 2021 2419 hoc
2097 2365 2338 2419 alterum

704 2454 823 2521 pari
889 2461 984 2504 aut
1052 2452 1250 2519 majori
1307 2451 1686 2503 sollicitudine
1741 2454 2125 2505 accurandum
2179 2454 2339 2505 vobis

705 2540 956 2607 injungO,
1023 2546 1083 2589 ut
1149 2537 1535 2589 efficacissime
1599 2539 1915 2606 procuretis
1980 2539 2100 2591 sine
2171 2539 2338 2591 inter-

706 2625 973 2677 missione
1026 2624 1214 2676 doceri
1267 2641 1490 2691 pueros

781 2713 1117 2774 Procuretis,
1185 2712 1436 2780 inquam,
1506 2712 1561 2762 id
1628 2712 1748 2762 fieri
1815 2732 1915 2780 per
1978 2713 2152 2774 alios;
2208 2732 2338 2764 nam

704 2818 823 2864 VOS,
891 2818 1032 2869 quos
1097 2817 1209 2853 non
1276 2800 1502 2867 expedit
1567 2800 1679 2852 ullo
1746 2801 1802 2852 in
1868 2801 2134 2869 singulari
2195 2818 2341 2870 pago

707 2895 920 2941 statum
966 2906 1032 2939 ac
1078 2887 1250 2939 fixum
1300 2886 1649 2939 domicilium
1698 2885 1922 2949 habere,
1974 2888 2071 2940 sed
2120 2906 2343 2956 semper

707 2975 1002 3044 expeditos
1066 2974 1220 3027 obire
1285 2973 1409 3026 loca
1474 2981 1695 3037 cuncta,
1764 2981 1818 3027 et
1887 2974 2176 3043 invigilare
2233 2975 2340 3027 lus-

707 3062 913 3116 trando
978 3061 1370 3130 cursandoque
1435 3078 1534 3129 per
1600 3059 1885 3130 regionem
1953 3069 2156 3125 totam,
2216 3078 2340 3130 pro-

708 3152 947 3206 fectibus
999 3151 1161 3205 istius
1214 3149 1483 3214 ecclesiae,
1538 3149 1637 3203 tali
1691 3150 2045 3221 providentia
2103 3150 2366 3223 egentiS,‚‚„
