2645 3907
642 378 741 442 156
1022 392 1203 427 LIBER
1231 393 1402 427 ·11.——
1425 393 1717 427 EPISTULA
1757 392 1883 426 xxv.

712 525 859 575 Irem
927 543 1031 591 ego
1097 523 1234 591 ipse,
1302 533 1356 576 te
1427 524 1689 576 Punicale
1757 523 1970 585 relicto,
2036 523 2081 574 si
2143 541 2261 591 gra-

635 620 758 663 tum
823 611 939 663 fore
1003 630 1192 663 meum
1260 611 1388 664 illuc
1450 613 1758 664 adventum
1821 610 2088 679 praefecto
2149 628 2261 662 cre—

636 699 848 750 derem.
926 701 1121 765 Nuper
1173 698 1262 750 ille
1316 698 1455 750 mihi
1523 698 1874 750 renunciavit
1932 697 2261 759 amicitiam,

635 783 861 851 scriptis
913 784 1114 836 litteris
1167 784 1347 851 plenis
1401 784 1680 837 atrocium
1735 784 2108 852 querelarum,
2170 785 2261 835 ubi

634 871 925 937 legebatur
986 871 1132 922 inter
1193 872 1328 922 alia:
1395 890 1507 922 non
1548 890 1737 938 posse
1801 871 1954 921 illum
2010 871 2130 921 sine
2184 871 2261 921 in-

634 956 788 1023 genti
842 957 1109 1007 scandalo
1163 975 1480 1008 memorare
1533 975 1658 1024 quae
1713 975 1742 1007 a
1798 974 1887 1008 me
1941 957 2066 1025 ipsi,
2115 956 2257 1007 scili·

635 1050 743 1105 cet,
803 1043 958 1106 illata
1015 1043 1250 1095 sentiret
1305 1043 1470 1095 mala.
1530 1044 1684 1094 Deus
1738 1051 1793 1095 et
1847 1043 2108 1094 homines
2161 1043 2261 1094 sci-

637 1136 736 1182 unt
790 1147 862 1181 an
915 1147 1019 1197 ego
1066 1129 1141 1181 illi
1196 1129 1409 1182 malum
1457 1129 1631 1182 ullum
1680 1129 1984 1191 intulerim,
2033 1146 2262 1196 praeser-

634 1214 738 1267 tim
801 1214 913 1267 tale
976 1217 1127 1283 quod
1187 1216 1623 1268 commemorari
1678 1217 1797 1266 sine
1851 1215 2119 1266 scandalo
2173 1234 2263 1266 ne-

636 1310 825 1368 queat.
893 1303 1005 1353 Sed
1069 1302 1179 1353 mei
1242 1304 1539 1371 purgandi,
1603 1312 1701 1354 aut
1764 1303 2071 1371 quiritandi
2124 1310 2261 1353 tem-

634 1405 741 1453 pus
793 1388 902 1440 hoc
955 1406 1068 1439 non
1121 1396 1234 1450 est3
1290 1390 1442 1457 quod
1497 1406 1645 1441 nunc
1699 1397 1878 1457 urget,
1935 1388 2138 1441 sufficit
2186 1388 2262 1440 in-

634 1475 902 1543 telligere,
979 1476 1058 1527 sic
1133 1493 1263 1527 eum
1328 1476 1383 1527 in
1452 1493 1542 1528 me
1607 1476 1891 1538 affectum,
1958 1483 2018 1529 ut
2084 1475 2262 1528 vitare

637 1578 1003 1628 congressum
1066 1562 1204 1630 eju5,
1261 1580 1432 1615 causa
1485 1562 1680 1630 ipsiuS,
1737 1562 1994 1624 debeam,
2050 1579 2119 1614 ne
2173 1579 2264 1630 og-

635 1648 883 1713 gerendo
962 1648 1060 1699 tali
1144 1649 1380 1701 articulo
1464 1667 1649 1700 rerum
1734 1649 1950 1701 homini
2035 1649 2259 1710 miser0,

637 1742 946 1804 conspectu
1010 1736 1212 1805 capitis
1274 1736 1455 1800 invisi,
1519 1737 1743 1790 abunde
1798 1753 2034 1804 magnas
2087 1734 2260 1789 infeli-

637 1821 716 1875 cis
762 1822 1118 1876 calamitates
1166 1841 1312 1875 nova
1358 1822 1619 1875 molestia
1663 1822 1964 1875 cumulem.
2018 1822 2129 1874 Hic
2177 1841 2265 1873 me

634 1907 918 1976 praecipue
963 1917 1149 1961 metus
1192 1908 1452 1977 prohibet
1498 1910 1568 1960 ab
1612 1929 1680 1961 eo
1726 1909 2008 1971 adeundO,
2067 1928 2259 1977 quam-

636 2014 804 2063 quam
861 2015 964 2047 nec
1016 1997 1125 2048 alia
1171 2016 1296 2064 quae
1344 1998 1450 2049 iter
1495 1998 1647 2048 istud
1696 1997 2121 2058 dissuadebant,
2171 1997 2260 2047 de-

636 2082 766 2133 sint.
821 2083 928 2144 Tu,
978 2101 1076 2150 per
1121 2084 1325 2144 Deum,
1375 2091 1565 2150 partes
1613 2100 1770 2133 meas
1817 2082 1976 2150 exple
2025 2081 2261 2133 strenui-

635 2177 753 2219 tate
807 2169 1226 2221 sollicitissima.

708 2257 1081 2324 Patangatinis
1157 2257 1526 2310 Combuturis
1601 2264 1654 2308 et
1733 2255 2030 2308 Bembaris
2089 2262 2263 2306 'man-

637 2342 727 2403 do,
784 2351 843 2394 ut
897 2361 1024 2394 cum
1080 2343 1344 2395 omnibus
1388 2344 1601 2404 statim,
1647 2360 1787 2411 quas
1835 2343 2136 2410 utrobique
2182 2359 2262 2391 re-

635 2429 882 2496 pererint
938 2429 1225 2500 naviculi5‚
1276 2449 1424 2499 aqua
1470 2440 1523 2482 et
1573 2430 1798 2481 cibariis
1846 2429 2083 2491 onustiS,
2135 2428 2259 2480 illuc

638 2517 729 2567 ubi
792 2526 877 2567 est
940 2517 1241 2585 praefectus
1303 2518 1587 2569 advolent.
1650 2519 1755 2578 Tu,
1811 2534 1913 2584 pro
1967 2534 2033 2567 eo
2087 2533 2261 2583 quan-

635 2611 756 2656 tum
804 2603 1106 2671 gratificari
1158 2605 1281 2657 Deo
1329 2605 1541 2666 studeS,
1592 2605 1745 2656 omni
1796 2613 2002 2656 conatu
2050 2604 2104 2655 in
2149 2621 2265 2655 rem

637 2690 917 2747 incumbe:
976 2710 1077 2742 nec
1132 2691 1478 2752 committaS‚
1536 2701 1594 2742 ut
1650 2690 1859 2759 aliquid
1915 2690 2015 2741 tibi
2070 2689 2265 2758 reliqui

636 2777 833 2829 fecisse
885 2779 1128 2830 videaris
1181 2780 1251 2829 ad
1301 2787 1610 2829 extremam
1663 2779 2087 2830 contentionem
2139 2778 2265 2828 sub-

636 2866 895 2916 veniendi
961 2867 1015 2916 in
1080 2876 1335 2934 tempore
1400 2865 1667 2934 praefecto
1736 2866 1800 2917 iis
1864 2864 2118 2917 cladibus
2171 2880 2265 2932 op-

636 2969 847 3018 presso,
904 2970 1029 3020 quae
1082 2960 1403 3004 nostrarum
1460 2952 1861 3004 misericordiae
1910 2960 1963 3003 et
2013 2949 2265 3003 caritatis

634 3037 817 3089 officia
882 3036 1190 3101 efflagitent
1257 3038 1717 3102 diligentissima:
1791 3038 2024 3088 veniunt
2092 3037 2147 3087 in
2214 3054 2264 3085 e-

630 3123 855 3189 jusdem
903 3143 1050 3177 curae
1102 3134 1338 3190 partem,
1391 3124 1590 3175 eadem
1641 3143 1767 3175 cum
1815 3124 1906 3173 illo
1955 3119 2264 3173 conflictati
