2768 3911
715 386 895 420 mimi<
943 386 1412 423 11.——EPISTOLA
1453 388 1612 424 xxm.
1864 390 1962 441 149

338 541 445 574 non
509 536 673 584 egem
741 534 883 583 quos
948 518 1161 578 nudOS,·
1215 536 1356 584 quos
1415 517 1563 570 fame
1617 518 1829 571 luridos
1883 519 1962 571 in-

337 621 510 666 tueor,
556 604 592 655 ii
637 603 770 669 quid
821 622 853 655 a
901 622 991 656 me
1039 604 1230 666 velint,
1280 622 1517 658 occursu
1565 606 1689 672 ipso
1735 614 1791 659 et
1839 624 1960 674 spe·

336 697 433 757 cie,
490 692 627 761 satis
680 709 780 760 per
825 709 883 742 se
937 693 1203 760 produnt.
1261 692 1499 743 Duobus
1552 691 1707 743 hisce
1761 691 1956 761 praeci-

335 783 455 855 puis
516 779 816 850 generibus
880 779 1310 835 utilissimorum
1374 798 1610 850 operum
1673 780 1766 852 ita‘
1805 798 1957 834 exer-

335 889 475 932 ceor,
530 876 590 921 ut
643 885 755 920 non
810 868 1087 936 poeniteat
1134 869 1408 937 temporis
1454 869 1716 937 impensi.
1774 870 1957 921 Bada-

334 976 414 1026 gae
467 955 560 1023 qui
614 953 762 1005 hane
815 972 973 1005 oram
1029 954 1392 1016 infestabant,
1448 972 1646 1006 omnes
1706 946 1955 1007 Cabeca-

333 1053 443 1096 tem
497 1040 734 1109 profecti
788 1041 994 1091 liberos
1047 1059 1150 1092 nos
1203 1050 1257 1093 et
1312 1042 1368 1091 in
1421 1059 1672 1109 praesens
1726 1059 1956 1114 securos

336 1129 671 1197 reliquerunt
698 1146 708 1188 ;
793 1128 888 1195 qui
958 1146 1058 1195 per
1129 1128 1544 1179 mediterranea
1607 1136 1953 1195 grassantur,

334 1216 513 1267 adhuc
580 1214 691 1265 illic
753 1214 908 1264 omni
972 1214 1305 1266 crudelitate
1368 1215 1626 1275 saeviunt,
1700 1233 1805 1266 nec
1856 1216 1948 1266 ab-

333 1303 525 1353 sistent
578 1319 611 1351 a
662 1300 874 1367 rapinis
927 1309 981 1352 et
1036 1301 1292 1353 malefica
1338 1301 1409 1362 vi,
1455 1301 1663 1369 quoad,
1703 1301 1952 1358 ,auctori-

333 1394 445 1439 tate
497 1384 642 1454 regis
695 1384 1073 1439 Travancoris
1131 1386 1218 1450 (in
1271 1404 1383 1456 quo
1437 1394 1497 1441 ut
1560 1386 1672 1440 dixi
1729 1386 1945 1440 labora-

332 1477 468 1537 tur),
514 1473 582 1525 de
624 1490 763 1541 pace
811 1490 939 1525 cum
987 1472 1125 1542 ipsis
1171 1481 1267 1526 aut
1315 1473 1558 1526 induciis
1604 1472 1949 1525 convenerit.

405 1557 682 1611 Dominus
732 1565 926 1611 noster
965 1558 1035 1611 sit
1078 1576 1302 1628 semper
1348 1559 1670 1612 vobiscum!
1748 1562 1948 1612 Amen.

362 1787 364 1789 V
404 1716 681 1778 Punicam,
725 1733 824 1769 ΧΠ.
872 1718 992 1770 Kal.
1040 1719 1409 1786 Septembris,
1453 1720 1557 1770 An.
1612 1719 1946 1771 MDXLIV.

472 1879 598 1929 Hac
672 1887 839 1930 nocte
913 1878 1069 1930 solvo
1144 1878 1342 1930 Talem
1417 1897 1629 1939 versus,
1702 1878 1945 1930 solatum

331 1984 548 2033 egenOS,
617 1985 760 2035 quos
826 1986 1033 2035 magno
1098 1968 1208 2019 illic
1274 1986 1511 2020 numero
1577 1985 1800 2019 summa
1854 1986 1944 2018 ne-

331 2053 694 2106 cessariorum
750 2054 940 2122 inopia
993 2056 1171 2123 premi
1226 2055 1414 2107 audio,

467 2213 623 2265 Tuus
678 2214 733 2265 in
790 2213 1021 2267 Christo
1076 2214 1506 2266 amantissimus
1560 2212 1747 2275 frater,

1479 2375 1872 2426 FRANciscms.
