2692 3907
1108 422 1291 463 LIBER
1332 422 1408 463 IV.
1430 440 1503 448 -
1524 421 1816 463 EPISTOLA
1854 422 1905 461 X.

1202 631 1686 693 EPISTULA
1736 631 1818 691 X.

2687 885 2692 918 μμ
2685 798 2692 828 Α
2683 712 2692 742 Α
2682 624 2692 657 vn
2681 537 2692 573 en

1180 859 1455 936 Jacobo
1503 858 1836 920 Pereriae.

773 1091 858 1141 De
908 1089 1079 1140 studio
1132 1090 1271 1140 home
1322 1090 1655 1150 conscientiae,
1710 1108 1768 1139 ac
1820 1090 1879 1139 de
1931 1089 2125 1139 duobus
2179 1088 2330 1140 sociis

703 1177 766 1230 M
769 1177 1003 1230 alaccam
1054 1176 1241 1230 missis.

779 1323 979 1377 Gratia
1023 1331 1079 1377 et
1126 1323 1372 1377 charitas
1421 1324 1655 1377 Domini
1702 1324 1880 1378 nostri
1933 1325 2070 1393 Jesu
2118 1321 2332 1376 Christi

709 1409 781 1462 sit
826 1409 1122 1462 nobiscum
1170 1410 1417 1479 semper!
1497 1411 1697 1463 Amen.

888 1598 1120 1636 MNINO
1166 1583 1432 1636 libentius
1477 1593 1533 1637 te
1578 1583 1846 1636 vidissem
1893 1591 2026 1635 ante
2070 1590 2228 1636 tuam
2282 1582 2338 1633 in

923 1669 1089 1722 Sinas
1145 1669 1576 1739 profectionem,
1639 1688 1810 1739 quam
1855 1688 2005 1722 nunc
2051 1688 2151 1739 per
2194 1669 2338 1721 litte-

710 1774 801 1809 ras
847 1756 1102 1825 alloquor
1146 1757 1468 1819 absentem3
1518 1759 1617 1810 sed
1657 1765 1868 1825 praetor
1906 1757 2202 1810 hibernare
2248 1774 2339 1809 me

708 1842 886 1895 voluit
964 1844 1147 1895 Goae.
1254 1845 1454 1912 Itaque
1531 1861 1655 1896 mos
1732 1843 1781 1896 ei
1858 1843 2138 1912 gerendus
2215 1841 2339 1895 fuit.

714 1930 865 1982 Nam
919 1929 1057 1982 mihi
1110 1930 1340 1999 quidem
1393 1930 1451 1982 in
1502 1930 1695 1984 animo
1748 1938 1867 1983 erat
1920 1930 1977 1983 in
2034 1928 2343 1984 Comorino

712 2015 1104 2085 promontorio
1169 2035 1327 2069 meos
1391 2016 1576 2069 socios
1639 2016 1985 2070 intervisere.
2040 2017 2190 2069 Sane
2253 2034 2343 2085 ga-

713 2105 867 2156 visus
910 2121 1112 2165 essem,
1158 2103 1202 2155 si
1245 2112 1435 2156 tecum
1477 2112 1754 2172 tanquam
1803 2122 1931 2156 curn
1978 2103 2162 2156 amico
2208 2104 2341 2155 fide-

718 2190 914 2242 issimo
967 2208 1176 2252 coram,
1231 2191 1494 2258 quaedam
1548 2209 1716 2258 super
1769 2190 1969 2243 itinere
2030 2189 2328 2260 JaponicO,

719 2277 871 2347 quod
914 2284 1042 2345 post
1084 2294 1295 2328 annum
1339 2276 1623 2345 suscipere
1669 2276 1875 2344 cogitO,
1924 2275 2344 2328 communicare

719 2364 988 2417 licuisset.
1044 2364 1312 2430 Comperi
1365 2364 1516 2415 enim
1569 2364 1735 2416 bonis
1787 2364 2130 2425 auctoribuS,
2184 2380 2350 2431 posse

724 2470 790 2501 ex
832 2450 925 2500 illa
966 2449 1193 2518 regione
1239 2450 1550 2500 uberrimos
1593 2450 1913 2500 animorum
1956 2448 2167 2516 percipi
2213 2448 2353 2500 fruc-

724 2546 835 2602 tu5,
890 2536 1216 2605 Christique
1267 2538 1437 2590 fidem
1480 2537 1617 2590 inibi
1669 2537 1834 2606 longe
1885 2555 1952 2590 ac
1995 2537 2107 2590 late
2157 2554 2355 2606 propa-

729 2625 865 2695 gari.

804 2713 1018 2766 Mando
1062 2713 1183 2776 tibi,
1231 2731 1332 2782 pro
1384 2713 1654 2777 amicitia,
1703 2721 1765 2766 ut
1811 2713 2139 2782 priusquam
2193 2711 2359 2782 profi·
2408 2747 2410 2749 -

733 2800 960 2858 ciscaris
1024 2800 1080 2852 in
1147 2800 1330 2863 SinaS,
1397 2819 1644 2854 mercem
1704 2802 2011 2869 quamdam
2068 2815 2362 2869 compares

732 2907 868 2942 sane
952 2888 1278 2959 pretiosam,
1367 2908 1538 2958 quam
1628 2888 2013 2941 Malaccenses
2101 2887 2364 2955 Sinaeque

735 2983 1079 3029 mercatores
1155 2975 1268 3028 fere
1345 2976 1661 3044 negligunt:
1740 2977 1949 3028 bonam
2027 2975 2154 3028 dico
2237 2990 2364 3026 con-

738 3062 1055 3125 scientiam,
1102 3082 1227 3131 quae
1274 3062 1596 3116 istiusmodi
1643 3061 1969 3114 hominibus
2021 3079 2223 3129 parum
2272 3058 2366 3112 ad-

740 3153 974 3204 modum
1038 3161 1123 3204 est
1189 3160 1341 3204 nota.
1408 3152 1591 3220 Vulgo
1655 3150 1807 3203 enim
1874 3158 2216 3203 mercatores
2289 3146 2365 3198 ita
