2645 3907
667 369 735 419 68
1085 383 1267 419 LIBER
1310 385 1781 421 11.—EP1sroLA
1823 385 1883 420 11.

1154 586 1638 646 EPISTULA
1721 588 1814 645 ll.

1005 814 1080 874 P.
1135 815 1236 875 M.
1289 815 1577 894 Ignatio
1637 815 1959 897 Loyolae.

736 1051 799 1101 M
803 1049 926 1101 issio
985 1050 1028 1101 C
1035 1050 1402 1101 omorz'nensz's:
1456 1055 1628 1120 pagus
1680 1068 1741 1102 ex
1793 1050 1976 1102 itinere
2030 1051 2295 1104 lustratus.

663 1136 911 1189 Praetorz's
992 1136 1231 1198 victoria,
1296 1143 1343 1188 et
1414 1137 1688 1204 religionis
1766 1138 1995 1190 studium
2075 1138 2297 1208 dignum

663 1223 935 1291 Pontificis
976 1223 1214 1275 Maximi
1254 1229 1301 1275 et
1342 1224 1551 1292 Ignatii
1593 1223 1853 1288 lau-dibus,
1896 1225 2154 1294 sacrisque
2200 1226 2295 1278 So-

660 1310 859 1363 cietatis
896 1310 1151 1380 precibus,

736 1472 937 1524 Gratia
991 1480 1046 1524 et
1105 1489 1266 1524 amor
1328 1471 1542 1524 Christi
1608 1471 1842 1523 Domini
1904 1471 2084 1524 nostri
2146 1473 2294 1526 adsit

659 1577 885 1628 semper
937 1558 1100 1611 nobis
1154 1558 1361 1611 auxilio
1415 1566 1469 1611 et
1525 1557 1741 1610 favore!
1812 1558 2013 1610 Amen.

671 1717 843 1856 EX
896 1721 1032 1771 urbe
1082 1721 1209 1771 Goa
1255 1719 1453 1787 scripsi
1497 1720 1569 1770 ad
1612 1726 1669 1770 te
1711 1719 2004 1771 verbosius
2047 1720 2117 1771 de
2164 1737 2291 1773 nos-

836 1814 923 1860 tra
990 1825 1055 1859 ex
1124 1805 1423 1859 Lusitania
1488 1806 1544 1858 in
1612 1804 1838 1858 Indiam
1909 1805 2289 1875 navigatione.

659 1894 827 1945 Nunc
875 1894 944 1945 de
992 1911 1118 1945 mea
1166 1893 1221 1943 in
1277 1892 1650 1945 Comorinum
1698 1891 2154 1959 promontorium
2201 1911 2289 1945 ex-

655 1980 946 2046 peditione
1025 1980 1326 2047 (quoniam
1403 1980 1481 2030 ita
1551 1979 1635 2030 vis
1713 1980 1882 2030 Pater
1945 1979 2161 2046 optime
2225 1999 2291 2031 ac

656 2066 1023 2128 suavissime)
1081 2066 1279 2134 paucis
1332 2066 1545 2133 accipe.

731 2151 1024 2204 Profectus
1078 2170 1203 2203 sum
1258 2170 1387 2203 cum
1446 2152 1661 2220 aliquot
1724 2152 1845 2220 ejus
1907 2152 2014 2204 loci
2076 2153 2288 2222 indige-

655 2239 741 2289 nis
809 2239 995 2290 Goani
1064 2239 1365 2290 Seminarii
1433 2238 1695 2301 alumniS,
1764 2239 1858 2307 qui
1925 2240 2024 2308 ab‘
2058 2240 2288 2294 ineunte

654 2331 824 2377 aetate
895 2324 1294 2377 ecclesiasticis
1360 2324 1715 2377 caeremoniis
1779 2324 2045 2388 instituti,
2112 2326 2288 2379 sacris

647 2412 768 2482 jam
823 2413 1116 2466 ordinibus
1169 2413 1377 2466 initiati
1431 2421 1581 2466 sunt.
1655 2413 1919 2466 Obiimus
1973 2414 2285 2485 neophyto-

654 2518 778 2552 rum
841 2501 1015 2565 vic05‚
1071 2501 1165 2570 qui
1223 2501 1420 2570 paucis
1483 2500 1691 2553 abhinc
1752 2501 1917 2554 annis
1980 2501 2291 2556 christiana

655 2606 814 2640 sacra
858 2596 1243 2656 susceperant.
1310 2590 1453 2640 Haec
1499 2596 1650 2640 terra
1695 2606 2056 2657 nequaquam
2100 2608 2133 2641 a
2180 2592 2289 2642 Lu-

654 2674 855 2727 sitanis
913 2675 1194 2737 incolitur,
1260 2682 1457 2743 utpote
1517 2693 1643 2742 quae
1698 2692 1921 2726 summe
1975 2683 2031 2728 et
2086 2676 2292 2728 sterilis

653 2769 758 2824 est,
814 2771 868 2814 et
928 2780 1168 2831 pauper:
1238 2761 1530 2814 christiani
1595 2769 1788 2813 autem
1853 2762 2135 2831 indigenae
2198 2764 2290 2815 de-

654 2850 838 2900 stituti
892 2868 924 2900 a
977 2850 1388 2911 sacerdotibus,
1459 2848 1597 2898 nihil
1666 2849 1818 2900 aliud
1887 2857 2113 2912 norunt,
2184 2850 2290 2901 nisi

654 2954 712 2988 se
766 2954 889 2988 esse
944 2935 1305 2989 christianos.
1375 2937 1560 2987 Nemo
1615 2942 1718 2998 est,
1768 2935 1863 3004 qui
1910 2936 1991 2989 eis
2037 2955 2155 2989 rem
2211 2936 2289 2990 di-

654 3022 847 3075 vinam
911 3023 1107 3085 faciat3
1177 3041 1346 3075 nemo
1409 3022 1504 3091 qui
1573 3023 1928 3091 Symbolum,
1996 3021 2180 3087 Pater,
2222 3018 2291 3076 ¹et

655 3111 791 3172 Ave,
841 3109 1161 3179 divinaeque
1211 3110 1380 3178 Legis
1428 3118 1715 3178 praecepta
1768 3111 1976 3164 tradat.
2047 3113 2134 3163 Ex
2180 3129 2291 3180 quo

2614 2689 2645 2892 ἒὈβ)

2618 2948 2645 3170 *CO-2
