2645 3907
654 428 755 481 106
948 497 950 499 Ι
1048 443 1231 481 LIBER
1272 444 1743 483 11.——EPISTOLA
1781 444 1884 482 vn.

650 576 909 636 lierculis,·
963 577 1021 627 de
1074 576 1325 628 Matthceo
1377 577 1617 646 quodam,
1665 594 1723 629 ac
1769 577 1828 629 de
1873 576 2275 645 Patangatibus.

650 663 734 713 De
777 662 1118 731 parvulorum
1171 663 1352 725 salute,
1407 663 1696 731 adustisque
1748 662 2119 731 informandis.

726 821 1077 876 Charissime
1131 822 1187 874 in
1244 822 1478 890 Christo
1531 822 1720 886 frater,

666 980 823 1117 M
852 998 1101 1035 ULTUM
1149 1002 1239 1036 me
1284 993 1608 1037 recrearunt
1652 993 1765 1038 tuae
1808 985 2029 1038 litterae.
2089 985 2279 1038 Etiam

878 1079 1048 1140 atque
1088 1072 1262 1125 etiam
1302 1091 1401 1125 oro
1434 1080 1518 1137 te,
1568 1074 1647 1126 sic
1688 1092 1995 1142 agascum
2034 1073 2144 1127 ista
2186 1073 2280 1127 ho-

656 1157 872 1209 minum
927 1158 1081 1221 faece,
1136 1168 1196 1211 ut
1253 1160 1383 1212 boni
1435 1169 1627 1228 patres
1681 1161 1863 1213 solent
1927 1179 2056 1213 cum
2123 1162 2282 1214 malis

654 1245 808 1306 filiis;
857 1264 927 1297 ne
974 1246 1166 1299 animo
1213 1246 1488 1313 frangaris
1537 1247 1904 1314 quantumvis
1951 1247 2130 1299 multa
2172 1248 2280 1301 sint

654 1349 779 1397 quae
832 1331 991 1382 vides
1043 1333 1114 1383 ab
1168 1332 1235 1383 iis
1286 1351 1457 1399 prave
1510 1351 1575 1384 ac
1629 1332 1899 1384 scelerate
1946 1334 2096 1394 fieri3
2152 1351 2281 1385 nam

657 1417 813 1467 Deus
878 1416 997 1484 ipse
1063 1436 1232 1485 quem
1298 1425 1416 1470 tam
1484 1418 1729 1486 graviter
1794 1411 2105 1482 offendunt,
2173 1437 2283 1471 non

654 1519 752 1553 eos
819 1509 1013 1554 tamen
1078 1504 1376 1566 interficit,
1445 1505 1596 1572 quod
1667 1522 1778 1556 uno
1844 1512 2034 1573 potest
2100 1512 2280 1567 nutu3

656 1607 769 1640 non
827 1590 894 1641 iis
952 1591 1158 1642 desinit
1217 1593 1288 1643 ad
1346 1592 1561 1644 victum
1624 1599 1678 1643 et
1744 1591 1957 1644 cultum
2024 1592 2282 1661 suppedi-

655 1688 775 1730 tare
822 1680 1157 1740 necessaria,
1207 1699 1333 1747 quae
1382 1680 1487 1730 nisi
1536 1690 1768 1730 manum
1816 1679 1956 1747 ipsis
2004 1679 2151 1731 ultro
2198 1697 2282 1731 su-

656 1784 747 1817 am
803 1765 892 1816 ille
945 1766 1231 1818 liberalem
1287 1766 1547 1835 aperiret,
1606 1766 1799 1835 utique
1853 1767 2177 1829 deficerent,
2232 1775 2283 1818 et

656 1852 849 1921 inopia
902 1854 1110 1917 miseri,
1167 1855 1247 1906 uti
1303 1863 1432 1906 sunt
1486 1854 1659 1922 digni,
1714 1855 2092 1907 tabescerent.
2159 1855 2284 1906 Hoc

658 1942 915 2010 exemplo
973 1943 1043 1994 ad
1103 1943 1432 2011 aequitatem
1492 1949 1545 1995 et
1605 1949 1665 1995 tu
1720 1941 1893 1994 animi
1949 1951 2005 1995 te
2059 1960 2284 2010 compo-

657 2047 759 2080 nas
811 2029 998 2090 velim,
1062 2048 1271 2097 angore
1325 2047 1745 2096 supervacaneo
1798 2047 2052 2080 excusso.

732 2114 864 2166 Plus
925 2123 1056 2167 sunt
1118 2115 1361 2182 frugiferi
1423 2134 1593 2182 quam
1654 2123 1821 2182 putas
1880 2114 2102 2166 labores
2162 2114 2287 2166 istic

657 2201 766 2253 tui:
831 2209 886 2253 et
949 2220 1298 2269 quamquam
1362 2220 1474 2253 non
1537 2209 1761 2253 tantum
1826 2201 2055 2269 proficis
2116 2218 2285 2269 quan-

657 2296 778 2339 tum
849 2306 1100 2355 cupereS,
1171 2306 1345 2339 navas
1406 2295 1618 2349 tamen,
1690 2287 1828 2337 mihi
1899 2289 2083 2349 crede,
2153 2286 2289 2339 satis

660 2392 910 2442 operam,
966 2382 1026 2426 ut
1080 2375 1201 2442 ejus
1253 2383 1309 2426 te
1363 2374 1639 2442 poenitere
1688 2374 2020 2441 neutiquam
2067 2373 2287 2425 debeat.

663 2459 923 2528 Denique
978 2461 1034 2512 in
1088 2461 1492 2529 qualicumque
1539 2478 1804 2512 successu
1852 2467 2006 2512 certa
2053 2458 2158 2512 illa.
2191 2457 2290 2511 tibi

661 2545 976 2600 consolatio
1029 2553 1132 2609 est,
1187 2565 1287 2614 per
1338 2554 1394 2598 te
1449 2564 1562 2598 non
1617 2545 1860 2607 stetisse,
1942 2565 2047 2597 nec
2115 2544 2291 2612 culpae

662 2633 1064 2700 imputandum
1133 2641 1246 2685 tuae
1316 2634 1467 2699 quod
1537 2651 1698 2684 secus
1770 2633 2037 2684 evenerit.
2113 2635 2292 2684 Caete-

663 2737 806 2779 rum,
866 2719 996 2786 quia
1057 2718 1382 2787 frangendae
1437 2718 1662 2769 duritiei
1717 2718 2000 2769 cervicum
2055 2716 2292 2769 indomi-

661 2814 849 2856 tarum
910 2807 1179 2873 subjectae
1240 2806 1354 2873 regi
1409 2806 1612 2873 gentiS,
1669 2814 1820 2857 recte
1874 2804 2130 2856 adhiberi
2182 2803 2294 2856 vim

664 2892 894 2959 regiam,
951 2894 1191 2959 probata
1242 2891 1499 2959 exempla
1547 2883 1601 2943 et
1648 2892 1799 2942 bona
1846 2891 1991 2942 ratio
2037 2890 2294 2948 suadent,

666 2978 834 3031 mitto
895 2979 965 3030 ad
1028 2997 1129 3030 vos
1192 2978 1561 3046 impetratum
1626 2997 1657 3029 a
1711 2985 1953 3045 praetore
2015 2975 2296 3045 apparito-

666 3084 804 3127 rem,
860 3066 948 3117 cui
1003 3066 1268 3117 mandavi
1324 3075 1383 3116 ut
1438 3084 1469 3116 a
1517 3065 1750 3133 singulis
1799 3065 2126 3116 mulieribus
2174 3078 2297 3132 quae

666 3154 898 3224 potione
965 3155 1353 3214 dementante,
1425 3153 1643 3205 ormclza
1717 3153 1843 3206 istic
1921 3152 2091 3213 dicta,
2171 3166 2296 3204 con-
