2815 3911
644 415 827 454 LIBER
868 417 943 453 1v.
966 432 1038 437 -—
1058 409 1352 453 EPIsToLA
1391 405 1518 451 vni.
1804 400 1905 463 301

280 567 494 600 rerem:
556 547 766 615 quippe
830 548 1017 601 aiebat
1085 549 1353 600 eumdem
1408 565 1440 598 a
1495 544 1794 598 Saracenis
1853 552 1909 596 et

281 634 603 688 christianis
644 634 750 687 coli
796 635 1001 697 Deum,
1045 641 1100 686 et
1142 632 1259 685 fore
1307 632 1615 700 aliquando
1661 640 1907 699 tempu5‚

279 739 408 774 cum
450 720 672 789 utrique
705 721 762 773 in
797 722 1058 774 eamden]
1104 721 1320 773 coirent
1364 720 1714 788 religionem.
1758 720 1909 785 Quo-

281 810 388 863 ties
441 828 570 860 eum
624 807 957 870 invisebam,
1014 824 1375 875 summopere
1427 824 1555 861 meo
1602 823 1909 875 congressu

277 897 454 952 laetari
494 897 825 960 videbatur3
876 915 1169 966 nunquam
1223 905 1417 946 tamen
1465 895 1682 947 efficere
1728 893 1907 961 potui,

279 993 340 1036 ut
373 985 530 1035 fieret
573 983 937 1035 christianus.
986 985 1116 1036 Hoc
1156 991 1352 1035 tamen
1395 983 1661 1050 expressi,
1698 990 1758 1034 ut
1791 980 1907 1050 pol-

275 1071 537 1123 liceretur
576 1088 635 1123 se
675 1088 851 1122 unum
894 1089 923 1121 e
963 1070 1169 1131 liberis,
1215 1088 1357 1137 quos
1402 1067 1573 1120 habet
1614 1067 1906 1135 plurimos,

276 1161 346 1212 ad
389 1149 757 1229 'baptismum
824 1159 1119 1234 daturum,
1185 1177 1250 1212 ea
1321 1159 1665 1222 conditione,
1736 1166 1794 1210 ut
1861 1157 1908 1210 is

280 1249 485 1302 deinde
525 1234 868 1300 christianus
912 1247 1300 1300 Mauricarum
1331 1246 1640 1300 insularum
1670 1264 1906 1316 regnum

277 1334 577 1388 obtineret.

346 1425 511 1473 Anno
553 1423 889 1474 MDXLVI.
931 1421 1288 1490 profecturus
1316 1422 1373 1474 in
1405 1423 1694 1475 Molucum
1735 1422 1905 1490 scrip-

274 1508 317 1561 si
366 1528 432 1561 ex
479 1509 763 1562 Amboino
810 1511 881 1563 ad
930 1510 1132 1573 socios,
1183 1509 1277 1578 qui
1335 1508 1590 1578 proxime
1646 1528 1675 1560 e
1743 1507 1904 1560 Lusi-

272 1597 428 1648 tania
469 1604 760 1658 venerant,
803 1604 864 1649 ut
904 1614 1055 1648 anno
1100 1595 1438 1664 insequenti,
1489 1613 1684 1649 eorum
1732 1595 1905 1665 aliqui

274 1684 528 1746 navibuS,
561 1702 686 1752 quae
721 1702 787 1736 ex
818 1685 981 1736 India
1030 1683 1348 1735 Malaccam
1392 1683 1654 1751 petiturae
1695 1691 1903 1747 essent,

273 1788 339 1820 eo
378 1770 854 1832 transmitterent,
905 1770 1100 1837 itaque
1152 1770 1424 1823 fecerunt.
1474 1772 1616 1822 Tres
1650 1789 1679 1821 e
1716 1770 1903 1821 Socie-

272 1864 409 1917 tate,
465 1858 521 1906 in
575 1857 663 1907 his
717 1857 1049 1908 sacerdotes
1108 1856 1238 1918 duo,
1293 1856 1545 1925 Joannes
1607 1856 1792 1919 Beira,
1848 1863 1903 1910 et

279 1941 503 2003 Ribera,
557 1942 871 1993 Malaccam
919 1948 1224 1994 tenuerunt
1282 1948 1723 2009 peropportune,
1772 1958 1901 1993 curn

270 2045 373 2093 ego
401 2028 622 2089 eodem,
655 2046 721 2079 ex
752 2029 809 2078 M
820 2027 984 2079 oluco
1013 2045 1288 2089 reverSUS,
1320 2026 1680 2095 appellerem.
1706 2029 1901 2081 Unum

270 2131 523 2164 mensem
569 2132 682 2164 una
724 2112 949 2175 fuimUS,
997 2131 1125 2165 cum
1176 2113 1424 2165 maxima
1472 2129 1598 2165 mea
1638 2113 1900 2181 jucundi-

271 2206 406 2252 tate.
459 2201 584 2267 Ego
632 2217 767 2251 vero
814 2217 928 2251 non
978 2198 1171 2251 diffido
1218 2199 1360 2251 tales
1407 2217 1504 2251 eos
1551 2198 1685 2262 fore,
1735 2206 1797 2252 ut
1844 2199 1900 2253 in

277 2284 474 2338 insulis
516 2285 758 2338 Molucis
800 2304 1006 2355 magno
1047 2286 1158 2338 sint
1202 2286 1590 2339 emolumento
1617 2286 1696 2339 rei
1725 2286 1898 2340 chris-

266 2373 453 2425 tianae.
488 2373 778 2426 Molucum
814 2392 1008 2426 versus
1048 2375 1312 2442 Augusto
1355 2392 1549 2426 mense
1579 2373 1894 2439 solverunt;

267 2458 372 2511 iter
424 2466 508 2512 est
561 2460 849 2513 bimestre.
910 2460 1185 2513 Malaccae
1241 2479 1370 2513 cum
1425 2469 1632 2524 essent,
1681 2479 1779 2513 eos
1827 2463 1896 2514 de

281 2547 490 2600 Moluci
539 2548 790 2600 moribus
837 2548 1031 2611 docui;
1093 2567 1195 2617 pro
1235 2567 1338 2602 usu
1380 2567 1549 2618 quem
1594 2549 1894 2615 habebam,

271 2635 590 2702 praescripsi
645 2637 1128 2703 quemadmodum
1178 2655 1236 2688 se
1290 2655 1418 2688 cum
1483 2637 1597 2688 illa'
1635 2646 1895 2706 gererent
1951 2701 1953 2703 v

271 2722 518 2773 natione.
574 2722 719 2773 Tam
773 2721 938 2790 longe
992 2722 1197 2775 absunt
1252 2724 1322 2775 ab
1378 2724 1562 2787 India,
1611 2733 1671 2777 ut
1720 2725 1895 2777 semel

279 2807 554 2861 duntaxat
583 2808 640 2861 in
669 2826 819 2861 anno
847 2809 1062 2861 litteras
1091 2810 1160 2860 ab
1190 2809 1270 2859 eis
1304 2809 1560 2877 accipere
1588 2811 1892 2877 possimus.

278 2893 513 2946 Eisdem
588 2896 871 2957 mandavi,
942 2903 1003 2948 ut
1069 2897 1374 2963 quotannis
1436 2899 1505 2948 de
1568 2898 1892 2950 christianae

273 2984 557 3053 religionis
603 2984 711 3035 illis
751 2984 807 3034 in
847 2983 985 3035 locis
1022 2975 1493 3051 amplificatione,
1544 2985 1726 3053 deque
1774 3002 1890 3055 Spe,

267 3088 391 3139 quae
445 3071 501 3122 in
554 3078 845 3139 posterum
906 3072 1242 3134 ostenditur,
1304 3071 1719 3139 perscriberent
1779 3074 1912 3126 R0-·

267 3175 452 3212 mam:
503 3167 835 3228 receperunt
876 3177 935 3211 se
976 3177 1098 3211 esse
1146 3156 1411 3210 facturos.
