2645 3907
645 347 714 414 76
1045 360 1227 397 LIBER
1270 359 1329 397 ΙΙ.
1355 376 1425 381 —-
1449 359 1758 398 EPISTOLA.
1803 359 1887 396 III.

646 490 947 551 institutiO,
1014 497 1070 541 te
1136 508 1236 556 per
1299 489 1517 542 litteras
1588 489 1909 541 docendum
1981 488 2276 550 curaverit,

643 583 705 628 ut
752 576 832 627 ad·
872 593 997 627 eam
1046 593 1164 626 rem
1213 574 1428 642 aliquot
1476 574 1587 626 huc
1633 593 1663 625 e
1712 574 1998 626 Societate
2049 573 2277 625 mitten-

644 662 748 711 dos
800 669 984 728 putes.
1055 663 1232 712 Suum
1287 660 1437 711 enim
1493 679 1615 712 esse
1669 660 1746 711 ait
1800 659 1909 710 hoc
1963 659 2277 728 Collegium

645 747 1024 807 exaedificare;
1087 755 1249 798 tuum
1305 747 1527 798 idoneis
1580 746 1939 799 alumnorum
1994 745 2280 814 magistris

647 833 942 884 instruere.
1022 833 1202 894 Idem,
1258 833 1328 884 ad
1384 831 1708 884 christianae
1763 832 2048 899 religionis
2103 831 2279 899 digni-

644 926 843 979 tatem,
911 918 1254 985 pietatisque
1326 917 1482 968 hisce
1547 917 1603 968 in
1669 917 1807 969 locis
1872 916 2278 979 accessionem,

647 1004 890 1057 multum
971 1003 1176 1057 referre
1256 1003 1475 1066 statuit,
1558 1003 1849 1072 impetrari
1916 1022 1949 1055 a
2017 1004 2281 1055 Romano

649 1090 924 1169 Pontifice
970 1089 1325 1158 privilegium
1370 1110 1482 1143 arae
1527 1090 1789 1142 maximae
1837 1090 2006 1157 hujus
2052 1090 2275 1158 templi,

645 1187 704 1230 ut
772 1172 995 1247 quoties
1060 1181 1131 1231 ad
1198 1198 1324 1231 eam
1391 1199 1615 1231 sacrum
1681 1198 1783 1249 pro
1850 1179 2089 1232 mortuis
2163 1180 2281 1243 fiat,

647 1266 819 1317 toties
882 1283 994 1317 una
1052 1267 1244 1318 anima
1301 1262 1581 1319 eximatur
1632 1283 1662 1318 e
1716 1265 2062 1333 purgatori0‚
2130 1265 2282 1318 simi·

646 1351 774 1402 liter
827 1358 887 1403 ut
943 1350 987 1402 si
1045 1352 1245 1404 Romae
1300 1351 1458 1404 fieret
1521 1351 1592 1403 ad
1656 1350 1872 1413 altaria,
1936 1369 2063 1418 quae
2117 1349 2282 1419 privi-

651 1436 858 1503 legiata
923 1436 1206 1489 dicuntur.
1274 1439 1460 1505 Atque
1525 1439 1597 1489 ad
1662 1438 1966 1489 arcendam
2027 1438 2284 1488 sacerdo-

648 1532 771 1575 tum
821 1524 895 1575 ibi
943 1524 1225 1576 celebrare
1273 1525 1623 1593 cupientium
1672 1524 1988 1586 avaritiam,
2034 1517 2285 1592 diploma

646 1599 726 1662 ita
779 1611 1044 1677 componi
1097 1610 1281 1671 vellet,
1337 1619 1398 1662 ut
1452 1611 1587 1661 illud
1641 1610 1826 1677 ipsum
1875 1610 1955 1661 ita
2009 1609 2283 1660 concede-

648 1703 819 1757 retur,
863 1695 908 1747 si
948 1696 1215 1747 sacerdos
1265 1696 1458 1763 gratiS,
1502 1696 1766 1763 nullaque
1808 1715 1907 1763 spe
1960 1693 2178 1763 praemii
2220 1713 2284 1746 ac

651 1782 929 1833 mercedis
985 1782 1249 1833 humanae
1301 1784 1371 1833 ad
1422 1802 1577 1832 aram
1635 1783 1787 1832 illam
1839 1783 2027 1833 missae
2079 1782 2285 1832 sacrifi-

650 1867 800 1917 cium
855 1868 1094 1929 faceret3
1158 1869 1252 1936 qui
1308 1877 1499 1919 autem
1569 1887 1686 1919 rem
1732 1869 2012 1920 -divinam
2081 1868 2285 1919 facien-

652 1955 783 2004 dam
852 1963 1132 2016 curarent,
1199 1954 1553 2006 confessione
1619 1955 1846 2022 expiati,
1910 1961 2287 2006 sacrosanctae
2568 1953 2645 2006 vir

655 2039 1033 2093 Eucharistiae
1086 2041 1188 2092 sub
1240 2040 1390 2092 idem
1442 2058 1664 2092 sacrum
1707 2041 1904 2092 fierent
1961 2039 2285 2108 participes,
2570 2045 2645 2090 tut

654 2128 728 2178 Et
792 2144 927 2177 sane
991 2145 1217 2194 aequum
1290 2134 1394 2188 est,
1459 2134 1519 2178 ut
1582 2126 1824 2178 alienam
1879 2146 1908 2178 e
1961 2125 2288 2194 purgatorio
2572 2125 2639 2176 bu

648 2212 900 2263 animam
954 2212 1309 2274 liberaturu5‚
1365 2213 1521 2280 prius
1567 2214 1637 2264 ab
1685 2213 1904 2265 inferno
1952 2231 2017 2265 ac
2071 2220 2288 2265 tartaro
2575 2210 2645 2263 eti

650 2299 848 2351 liberet
912 2318 1093 2351 suam.
1175 2300 1456 2368 Quocirca
1523 2300 1688 2351 vellet
1761 2300 2150 2352 sacerdotibus
2215 2299 2284 2351 ad
2579 2315 2645 2366 pr:

648 2407 774 2440 eam
853 2408 1010 2441 aram
1091 2407 1312 2441 sacrum
1386 2389 1723 2442 facientibus
1797 2388 2286 2456 Indulgentiarum
2581 2383 2645 2435 mi

647 2479 860 2547 aliquid
904 2498 936 2531 a
980 2479 1256 2531 Pontifice
1301 2479 1553 2531 Maximo
1594 2479 1849 2541 concedi,
1893 2487 1953 2531 ut
1998 2477 2107 2531 hoc
2148 2496 2286 2546 prae-
2588 2488 2645 2522 Su

651 2566 768 2618 mio
815 2566 1057 2628 invitati,
1107 2585 1225 2618 rem
1278 2566 1530 2624 divinam
1583 2566 1657 2618 ibi
1708 2566 1891 2619 facere
1932 2574 2286 2634 exoptarent.

652 2653 781 2704 Hoc
831 2652 919 2704 ille
974 2653 1268 2704 Pontificis
1318 2654 1657 2704 beneficium
1699 2671 1827 2704 cum
1870 2655 1942 2704 ad
1984 2653 2286 2704 concilian-
2591 2661 2645 2710 pt

648 2739 780 2788 dam
833 2739 959 2789 loco
1013 2740 1516 2801 existimationem,
1565 2748 1688 2791 tum
1738 2758 1870 2791 vero
1920 2741 1991 2791 ad
2039 2739 2289 2791 excitan-
2594 2729 2645 2780 d<

650 2826 782 2876 dam
833 2826 1033 2877 harum
1087 2827 1343 2893 gentium
1394 2826 1686 2893 pietatem,
1731 2826 1942 2894 expetit
1985 2826 2190 2877 mirum
2234 2824 2289 2874 in
2597 2832 2645 2864 θ)

651 2913 904 2963 modum.
964 2913 1067 2963 Vel
1112 2931 1179 2963 ex
1222 2913 1378 2965 hisce
1424 2913 1724 2980 postulatis
1768 2914 2158 2981 conjecturam
2202 2929 2288 2963 ca·
2601 2918 2645 2951 ΕΙ

648 2998 772 3065 pias
826 2998 956 3050 licet
1014 3000 1083 3051 de
1141 3000 1263 3067 ejus
1318 3000 1529 3061 anim0‚
1583 3000 1677 3067 qui
1734 3000 1803 3051 de
1852 3000 2019 3051 rebus
2076 2996 2289 3050 sanctis
2606 2985 2645 3036 ir

647 3103 712 3136 ac
771 3085 878 3153 piis
937 3093 1055 3140 tam
1117 3086 1261 3138 bene
1322 3086 1547 3148 sentiat,
1608 3094 1727 3140 tam
1789 3086 1984 3139 sedulo
2050 3085 2284 3141 laboret.
2609 3090 2645 3124 Π
