2692 3907
708 383 814 436 266
1111 400 1294 436 LIBER
1335 399 1820 437 IV.-EPISTOLA
1860 399 1936 436 IV.

710 529 1102 582 interissemus
1173 529 1438 583 universi.
1508 530 1751 583 Multum
1819 530 1895 582 ibi
1959 528 2336 597 lacrymarum

708 615 843 677 vidi,
899 615 1141 667 multum
1195 616 1593 667 sollicitudinis
1646 623 1701 668 et
1748 615 1992 683 angoriS,
2041 634 2171 667 cum
2218 632 2336 665 om-

709 721 809 753 nes
863 702 919 753 in
972 703 1191 771 singula
1256 713 1549 756 momenta
1615 713 1857 757 mortem
1924 710 2335 770 exspectarent.

694 790 923 842 'Verum
987 790 1166 843 noluit
1232 793 1388 843 Deus
1449 809 1554 844 nos
1615 792 1867 859 perdere,
1924 791 2022 843 sed
2076 789 2339 857 periculis

709 876 950 940 erudire,
1028 891 1088 929 ut
1151 897 1254 929 usu
1309 878 1463 930 docti
1517 878 1976 948 intelligeremus,
2032 895 2203 947 quam
2256 876 2336 927 in-

710 965 888 1017 firmae
943 966 1054 1017 sint
1108 982 1244 1033 opes
1298 972 1525 1027 nostrae,
1580 965 1804 1033 quoties
1856 971 1952 1017 aut
2006 963 2215 1017 nostris
2259 962 2337 1015 vi-

710 1050 882 1113 ribuS,
937 1057 1033 1103 aut
1086 1050 1367 1118 praesidiis
1420 1050 1655 1104 nitimur
1706 1050 1988 1103 humanis
2047 1051 2194 1101 Nam
2244 1048 2337 1100 ubi
2394 1070 2397 1073 ·

709 1138 952 1190 senseris
1018 1157 1189 1207 quam
1257 1138 1483 1191 fallaces
1548 1139 1660 1191 sint
1744 1157 1873 1207 spes
1936 1146 2069 1202 tuae,
2129 1146 2184 1190 et
2238 1137 2337 1189 hu-

710 1225 893 1277 manis
971 1226 1174 1292 opibus
1251 1226 1485 1278 omnino
1561 1225 1794 1288 diffisus,
1855 1225 1912 1276 in
1989 1224 2082 1276 illo
2151 1227 2338 1276 rerum

708 1313 965 1365 omnium
1039 1314 1416 1376 moderatore,
1484 1313 1579 1383 qui
1644 1332 1789 1365 unus
1853 1312 2101 1382 pericula
2164 1312 2341 1381 ips'ius

706 1420 880 1453 causa
952 1411 1217 1470 suscepta
1288 1402 1449 1454 facile
1514 1402 1841 1470 propulsare
1906 1409 2113 1469 potest,
2181 1418 2339 1468 spem

710 1506 940 1540 omnem
1018 1488 1302 1555 posueris;
1382 1496 1505 1540 tum
1582 1508 1715 1540 vero
1781 1488 1946 1556 plane
2018 1487 2338 1557 experiariS,

713 1577 820 1627 Dei
873 1576 1112 1646 imperio
1153 1595 1218 1627 ac
1266 1585 1406 1629 nutu
1455 1578 1647 1628 omnia
1693 1577 2011 1646 gubernari,
2061 1583 2115 1629 et
2163 1593 2337 1644 quan-

709 1665 921 1717 tumvis
986 1665 1117 1717 vitae
1178 1665 1483 1717 discrimen
1545 1683 1661 1733 prae
1724 1664 2048 1717 coelestibus
2100 1663 2339 1732 gaudiiS,

712 1770 837 1820 quae
904 1752 960 1805 in
1025 1752 1122 1806 tali
1183 1771 1241 1805 re
1307 1771 1372 1805 ac
1431 1759 1689 1820 tempore
1742 1751 2013 1805 divinitus
2066 1749 2342 1821 impertiri

712 1841 913 1904 solent,
960 1859 1083 1893 esse
1127 1842 1631 1904 contemnendum,
1681 1859 2026 1910 quamquam
2073 1859 2142 1893 ne
2190 1858 2343 1893 mors

712 1928 940 1994 quidem
1009 1927 1132 1994 ipsa
1196 1927 1653 1994 pertimescenda
1706 1935 1790 1979 est
1844 1928 1929 1989 iis,
1995 1928 2089 1995 qui
2152 1927 2343 1978 divina

712 2015 805 2067 illa
865 2015 1158 2084 voluptate
1221 2016 1601 2085 perfruuntur.
1660 2017 1785 2069 Etsi
1839 2025 2030 2069 autem
2084 2018 2166 2080 fit,
2221 2034 2344 2069 nes-

712 2104 802 2156 cio
860 2105 1168 2173 quomodO,
1225 2112 1285 2157 ut
1333 2104 1598 2172 periculis
1644 2104 1924 2172 perfuncti
1978 2123 2173 2158 eorum
2229 2123 2344 2157 ma-

711 2191 1070 2257 gnitudinem
1156 2191 1321 2244 nullis
1403 2191 1590 2244 verbis
1670 2192 1942 2261 consequi
2022 2191 2343 2261 possimus;

715 2286 908 2332 manet
970 2288 1166 2332 tamen
1226 2280 1643 2348 jucundissima
1707 2281 1966 2333 beneficii
2013 2280 2188 2333 divini
2233 2297 2346 2332 me-

716 2367 913 2430 moria,
970 2386 1096 2436 quae
1150 2386 1254 2420 nos
1308 2368 1428 2420 dies
1481 2376 1791 2437 noctesque
1839 2369 2093 2422 stimulat
2147 2369 2218 2422 ad
2272 2368 2346 2421 la-

713 2455 879 2507 bores
941 2473 1044 2522 pro
1107 2455 1326 2522 optimo
1391 2455 1642 2508 Domino
1694 2456 1779 2508 vel
1841 2456 2234 2523 suscipiendos
2285 2455 2346 2507 li-

715 2542 932 2605 benter,
998 2541 1086 2593 vel
1152 2541 1372 2594 fortiter
1435 2542 1826 2611 perferendos:
1895 2552 1949 2596 et
2011 2544 2177 2595 simul
2235 2544 2346 2595 effi-

717 2629 811 2690 cit,
868 2637 927 2681 ut
982 2647 1109 2681 eum
1160 2630 1216 2680 in
1260 2630 1416 2681 omni
1469 2630 1586 2681 vita
1637 2649 1997 2691 veneremur;
2054 2638 2348 2698 sperantes

718 2714 851 2777 fore,
920 2724 980 2768 ut
1034 2716 1205 2778 idem,
1262 2735 1364 2783 pro
1418 2735 1519 2768 sua
1573 2717 1794 2769 infinita
1845 2717 2216 2784 benignitate,
2271 2716 2348 2768 vi-

717 2820 805 2855 res
864 2802 1028 2855 nobis
1087 2810 1142 2854 et
1202 2803 1426 2854 animos
1487 2804 1679 2866 addat,
1749 2823 1861 2871 quo
1925 2814 2044 2855 tam
2103 2803 2348 2871 benigno

721 2890 972 2942 Domino
1026 2908 1258 2958 operam
1313 2891 1509 2943 sedulo
1563 2899 2006 2959 constanterque
2059 2909 2350 2944 navemus,

792 2980 939 3030 Cum
1007 2996 1190 3028 essem
1260 2978 1548 3039 Malaccae,
1611 2979 1782 3029 incidi
1849 2979 1906 3028 in
1973 2987 2348 3029 mercatorem

721 3064 1081 3127 Lusitanum,
1161 3072 1448 3117 recentem
1527 3084 1593 3117 ex
1659 3065 2094 3133 opulentissimo
2178 3081 2351 3133 regno

721 3150 1006 3205 Sinarum.
1066 3152 1121 3201 Is
1170 3150 1306 3203 mihi
1362 3150 1630 3210 narravit,
1681 3150 1863 3212 se'ab
1916 3150 2147 3209 homine
2197 3150 2350 3210 Sina,
