2692 3907
782 365 849 424 32
1210 366 1394 411 LIBER
1436 372 1473 410 Ι.
1496 388 1568 395 --
1590 368 1883 411 EPISTOLA
1922 370 2002 411 VI.

780 502 919 564 dies,
1022 501 1381 555 exorabimus
1480 504 1550 555 ab
1654 501 1875 571 optimo
1979 519 2109 571 rege
2197 501 2421 556 litteras

780 607 952 657 quam
1017 589 1219 640 voletis
1292 589 1500 641 multas
1564 590 1636 640 ad
1702 607 2093 657 quoscumque
2158 589 2419 657 designa-

778 675 931 729 bitis.

854 763 1099 832 Quidam
1151 764 1246 832 qui
1294 764 1614 816 studiorum
1663 783 1891 817 cursum
1949 763 2180 835 Parisiis
2233 763 2439 823 confe-¹

780 851 874 914 cit,
929 851 1062 904 vitae
1116 851 1451 904 societatem
1506 852 1804 904 nobiscum
1858 851 2002 903 iniit.
2071 852 2298 903 Nomen
2348 851 2417 915 ei,

781 936 1052 1006 magister
1105 937 1424 991 Consalvus
1489 938 1766 991 MedereS.
1851 938 2123 991 Nondum
2183 945 2271 991 est
2333 955 2417 991 or-

780 1023 1006 1078 dinibus
1059 1023 1333 1077 initiatu5.
1404 1026 1510 1077 Per
1565 1025 1672 1078 Dei
1728 1024 1961 1078 Domini
2015 1023 2194 1078 nostri
2259 1025 2418 1077 obse-

780 1109 975 1178 quium
1036 1128 1282 1173 oramuS,
1338 1110 1643 1178 impetrate
1697 1117 1752 1164 et
1807 1109 2018 1164 mittite
2081 1109 2417 1178 rescriptum

779 1197 1135 1265 pontificium
1202 1199 1363 1265 cujus
1426 1198 1498 1260 vi,
1567 1205 1725 1250 extra
1790 1204 2066 1250 consueta
2136 1205 2415 1265 tempora,

777 1284 959 1337 tribus
1006 1284 1206 1336 diebus
1252 1284 1410 1337 festis
1456 1285 1777 1353 promoveri
1823 1302 1924 1353 per
1969 1283 2168 1335 solitos
2209 1284 2418 1353 gradus

779 1371 852 1422 ad
908 1371 1291 1423 sacerdotium
1347 1371 1452 1423 rite
1508 1371 1708 1438 possit,
1767 1378 1828 1424 ut
1884 1378 2138 1423 sacretur
2190 1371 2417 1439 presby-

778 1466 865 1510 ter
910 1466 1219 1525 antequam
1273 1456 1560 1509 solvamus
1607 1457 1663 1509 in
1714 1456 1959 1509 Indiam.
2027 1456 2190 1524 Opus
2241 1456 2417 1509 etiam

778 1553 929 1597 esset
982 1544 1274 1613 impetrari
1336 1543 1691 1612 privilegium
1754 1562 1851 1594 sex
1912 1542 2129 1595 clericis
2182 1542 2416 1595 arbitra-

777 1638 839 1684 tu
896 1638 1092 1683 nostro
1143 1630 1635 1693 communicabile,
1692 1631 1889 1684 utendi
1929 1630 2208 1683 breviario
2249 1648 2415 1684 nOVO.

780 1718 868 1768 Ea
939 1735 1027 1768 res
1109 1735 1275 1768 usum
1348 1715 1583 1768 haberet
1655 1715 1989 1768 nonnullum
2060 1716 2133 1768 ad
2199 1714 2418 1769 facilius

777 1803 1108 1855 alliciendos
1152 1803 1455 1870 quosdam,
1501 1811 1562 1855 ut
1607 1821 1711 1855 nos
1754 1803 1810 1854 in
1859 1803 2054 1855 Indias
2101 1803 2259 1870 sequi
2305 1803 2414 1855 vel-

776 1890 912 1940 lent.
957 1891 1064 1939 Per
1105 1889 1340 1946 Domini
1382 1888 1561 1939 nostri
1602 1907 1856 1938 amorem
1896 1906 1999 1939 vos
2039 1888 2412 1950 obtestamur,

778 1983 973 2026 curate
1048 1992 1219 2041 quam
1286 1973 1575 2025 celerrime
1642 1973 1875 2041 perferri
1942 1975 2014 2025 ad
2078 1992 2183 2025 nos
2234 1976 2414 2026 Breve

776 2079 889 2129 quo
936 2059 1231 2128 dirigimur
1276 2059 1333 2110 in
1382 2059 1604 2120 Indias;
1647 2078 1780 2111 nam
1809 2067 2038 2127 tempus
2082 2077 2151 2111 eo
2198 2058 2414 2112 solven-
2450 2104 2454 2107 .

776 2147 833 2198 di
887 2146 1079 2199 instat.
1155 2148 1365 2214 Magna
1425 2164 1529 2198 nos
1583 2164 1712 2214 spes
1763 2154 1921 2200 tenet
1969 2145 2185 2199 fructus
2227 2146 2415 2199 uberis

775 2250 842 2285 ex
894 2231 987 2284 illa
1040 2239 1235 2285 nostra
1288 2231 1650 2300 navigatione
1705 2232 1971 2285 secuturi.

851 2320 1067 2383 Facite,
1134 2338 1363 2372 oramus
1429 2338 1548 2383 VOS,
1616 2339 1788 2389 quam
1855 2319 2103 2389 primum
2168 2319 2416 2373 sciamus

776 2408 912 2477 quid
983 2426 1087 2460 nos
1148 2414 1408 2476 oporteat
1471 2407 1818 2461 constituere
1888 2408 1958 2461 de
2019 2407 2087 2461 iis
2151 2407 2245 2477 qui
2316 2416 2414 2461 aut

778 2495 1008 2547 Parisiis
1073 2494 1298 2547 fuerunt
1358 2494 1678 2546 studiorum
1738 2514 1928 2557 causa,
1989 2502 2087 2547 aut
2148 2514 2216 2547 eo
2282 2494 2412 2547 ituri

775 2592 924 2636 sunt.
991 2583 1411 2652 Respondeatis
1469 2583 1642 2634 etiam
1702 2583 1971 2634 distincte
2028 2583 2101 2633 ad
2160 2601 2227 2634 ea
2287 2601 2413 2651 quae

774 2670 1106 2739 scripsimus
1159 2670 1229 2722 de
1284 2670 1518 2731 Strada3
1586 2669 1770 2738 deque
1829 2669 2066 2722 consilio
2128 2669 2412 2723 excitandi

773 2756 1129 2810 contubernii
1183 2755 1526 2808 scholarium
1586 2763 1913 2808 nostrorum
1972 2756 2029 2808 in
2091 2756 2412 2809 Conimbri-

774 2844 928 2897 censi
975 2843 1290 2896 academia.
1375 2844 1526 2895 Nam
1574 2843 1646 2894 ad
1707 2843 1763 2895 id
1817 2851 1872 2896 et
1925 2843 2019 2911 pia
2072 2843 2194 2912 ejus
2245 2860 2410 2912 gene-

775 2930 851 2983 ris
904 2949 1093 2999 opera,
1147 2948 1392 2999 pronum
1439 2928 1531 2982 hic
1577 2936 1958 2999 paratumque
2004 2928 2282 2984 habemus
2334 2929 2410 2983 fa-

773 3035 967 3069 vorem
1045 3034 1343 3086 procerum
1426 3023 1481 3068 et
1562 3015 1961 3068 liberalitatem
2039 3017 2407 3086 locupletum.

776 3105 994 3158 Docete
1056 3104 1226 3173 igitur
1286 3103 1400 3157 cito
1459 3120 1563 3156 nos
1623 3102 1758 3172 quid
1823 3103 1971 3158 circa
2032 3103 2155 3159 haec
2216 3104 2404 3158 decre·

2673 1068 2692 1102 [n
2673 981 2692 1016 H
2671 877 2692 929 !-·„·
2671 790 2686 841 μ’·

2664 2628 2692 3164 marves-mm.
