2815 3911
764 606 987 667 EPJS
997 608 1060 666 T
1063 608 1246 667 OLA
1341 609 1493 668 VII.

680 837 781 895 M.
850 835 1130 897 Simoni
1200 835 1581 898 Roderi00.

382 1081 641 1150 Egregios
687 1081 1062 1133 concionatores
1099 1083 1345 1150 postulat,
1381 1083 1719 1151 probatosque
1762 1088 1936 1151 opera-

310 1168 432 1220 rios.
493 1168 913 1219 Salubem‘imum
976 1168 1251 1219 consilium
1303 1168 1415 1236 regi
1466 1168 1717 1230 dandum,
1781 1169 1938 1221 ratio-

310 1273 401 1324 que
417 1253 551 1322 fidei
577 1253 641 1306 ab
668 1254 839 1307 eodem
857 1255 1228 1323 propagandae.

383 1400 584 1451 Gratia
635 1407 690 1450 et
743 1398 990 1450 charitas
1047 1399 1279 1450 Domini
1334 1399 1513 1452 nostri
1561 1401 1697 1468 Jesu
1750 1399 1940 1453 Chris-

307 1486 350 1541 ti
403 1486 474 1540 sit
504 1486 800 1540 nobiscum
854 1486 1111 1555 semper!
1183 1486 1384 1537 Amen.

319 1647 691 1784 MANDO
742 1648 863 1710 tibi,
920 1647 1090 1699 frater
1149 1647 1499 1710 charissime,
1555 1657 1615 1702 ut
1668 1667 1770 1716 pro
1822 1657 1924 1703 tuo

494 1753 625 1802 erga
666 1737 864 1805 Jesum
902 1753 1094 1788 amore
1132 1738 1329 1789 mittas
1366 1736 1475 1787 huc
1503 1736 1718 1805 aliquot
1747 1756 1776 1788 e
1805 1756 1931 1791 nos-

304 1833 390 1875 tra
447 1822 734 1875 Societate
793 1822 1250 1889 concionatores3
1327 1823 1722 1892 hujuscemodi
1781 1826 1932 1878 enim

304 1909 629 1963 hominibus
682 1911 926 1962 maxime
969 1928 1112 1978 opus
1154 1919 1239 1962 est
1283 1910 1339 1961 in
1387 1910 1569 1962 India.
1622 1911 1710 1962 Ex
1752 1911 1932 1964 omni-

302 1995 424 2058 bu5,
481 2012 624 2063 quos
683 1995 887 2049 misisti
947 2013 1141 2064 nuper,
1203 1998 1489 2048 neminem
1549 1997 1736 2048 adhuc
1792 1997 1927 2058 vidi,

302 2090 507 2149 praeter
546 2085 827 2152 Joannem
875 2082 1120 2143 Beiram,
1164 2083 1224 2133 P.
1264 2083 1555 2145 Riberum,
1603 2084 1928 2136 Nicolaum-

300 2185 408 2235 que
472 2167 697 2230 laicum,
759 2167 853 2236 qui
912 2175 1042 2219 sunt
1102 2168 1158 2218 in
1220 2168 1465 2231 Moluco,
1526 2176 1581 2220 et
1640 2169 1925 2221 Adamum

303 2254 689 2316 Franciscum,
730 2253 824 2321 qui
862 2261 947 2307 est
992 2254 1210 2307 Cocini.
1260 2255 1624 2307 Percontanti
1670 2253 1808 2306 mihi
1854 2255 1925 2307 de

301 2344 537 2405 caeteris,
592 2360 928 2410 responsum
982 2348 1085 2402 est,
1140 2339 1287 2392 inter
1332 2359 1429 2393 eos
1477 2340 1745 2394 idoneum
1794 2357 1925 2395 Con-

300 2427 556 2480 cionibus
616 2427 891 2480 habendis
946 2446 1069 2480 esse
1124 2428 1430 2479 neminem.
1495 2427 1646 2479 Illud·
1700 2447 1926 2496 quoque

300 2521 355 2565 te
383 2533 483 2582 per
512 2515 699 2566 Deum
737 2514 1008 2576 obtestor,
1040 2521 1100 2567 ut
1129 2513 1410 2566 delectum
1451 2513 1663 2566 habeas
1707 2532 1922 2577 eorum,

299 2619 440 2670 quos
498 2602 609 2654 huc
668 2600 1087 2653 submittendos
1145 2607 1309 2668 putes
1365 2601 1438 2653 ad
1495 2586 1923 2655 conversionem

298 2688 673 2741 ethnicorum.
731 2689 990 2740 Probatae
1038 2687 1337 2755 probitatis
1384 2706 1450 2739 ac
1496 2695 1769 2756 spectatae
1816 2688 1924 2758 vir-

295 2775 434 2826 tutis
474 2774 625 2826 viros
668 2774 880 2841 deligas
923 2790 1153 2825 necesse
1191 2779 1292 2835 est,
1324 2773 1419 2840 qui
1449 2773 1664 2826 scilicet
1709 2774 1926 2842 aliquot

295 2877 572 2915 annorum
620 2862 806 2930 spatio
852 2860 1143 2912 retulerint
1191 2858 1399 2909 multas
1446 2859 1813 2927 egregiasque
1852 2861 1923 2913 de

295 2947 495 3016 seipsis
554 2946 838 3000 victorias.
902 2947 1152 3000 Eosdem
1220 2953 1410 2998 autem
1471 2964 1584 2997 non
1645 2947 1920 3008 infirmOS,

295 3038 392 3090 sed
438 3037 656 3103 valido-S
708 3054 830 3088 esse
884 3032 1200 3104 oportebit:
1259 3032 1441 3085 Indici
1495 3032 1647 3086 enim
1700 3033 1922 3087 labores

295 3141 406 3176 non
465 3123 640 3177 animi
700 3123 880 3178 solum
939 3123 1225 3185 Virtutem,
1284 3122 1382 3173 sed
1438 3120 1691 3190 corporis
1748 3119 1921 3173 etiam

1676 3365 1747 3426 19

705 390 889 426 LIBER
929 390 1410 432 1v.——EP1sT0LA
1446 391 1550 431 vn.
1842 378 1946 447 289
