<?xml version="1.0" encoding="UTF-8"?>
<!DOCTYPE html PUBLIC "-//W3C//DTD XHTML 1.0 Transitional//EN"
    "http://www.w3.org/TR/xhtml1/DTD/xhtml1-transitional.dtd">
<html xmlns="http://www.w3.org/1999/xhtml" xml:lang="en" lang="en">
 <head>
  <title>
</title>
<meta http-equiv="Content-Type" content="text/html;charset=utf-8" />
  <meta name='ocr-system' content='tesseract 3.04.00' />
  <meta name='ocr-capabilities' content='ocr_page ocr_carea ocr_par ocr_line ocrx_word'/>
</head>
<body>
  <div class='ocr_page' id='page_1' title='image "./pts_epistolae_3720-0638_v1_0286.png"; bbox 0 0 2815 3911; ppageno 0'>
   <div class='ocr_carea' id='block_1_1' title="bbox 0 0 532 404">
    <p class='ocr_par' dir='ltr' id='par_1_1' title="bbox 0 0 532 404">
     <span class='ocr_line' id='line_1_1' title="bbox 0 0 532 404; baseline 0 3507"><span class='ocrx_word' id='word_1_1' title='bbox 0 0 532 404; x_wconf 95' lang='lat' dir='ltr'><strong> </strong></span> 
     </span>
    </p>
   </div>
   <div class='ocr_carea' id='block_1_2' title="bbox 721 359 1951 426">
    <p class='ocr_par' dir='ltr' id='par_1_2' title="bbox 721 359 1951 426">
     <span class='ocr_line' id='line_1_2' title="bbox 721 359 1951 426; baseline -0.002 -11"><span class='ocrx_word' id='word_1_2' title='bbox 721 377 906 415; x_wconf 83' lang='lat' dir='ltr'>LIBER</span> <span class='ocrx_word' id='word_1_3' title='bbox 945 378 1022 416; x_wconf 92' lang='lat' dir='ltr'><strong>1v.</strong></span> <span class='ocrx_word' id='word_1_4' title='bbox 1044 393 1116 400; x_wconf 94' lang='lat'>—</span> <span class='ocrx_word' id='word_1_5' title='bbox 1137 377 1429 416; x_wconf 85' lang='lat' dir='ltr'><strong>EPISTOLA</strong></span> <span class='ocrx_word' id='word_1_6' title='bbox 1465 373 1546 414; x_wconf 76' lang='grc' dir='ltr'><strong>Ν.</strong></span> <span class='ocrx_word' id='word_1_7' title='bbox 1844 359 1951 426; x_wconf 86' lang='lat'><strong>265</strong></span> 
     </span>
    </p>
   </div>
   <div class='ocr_carea' id='block_1_3' title="bbox 322 503 1966 3192">
    <p class='ocr_par' dir='ltr' id='par_1_3' title="bbox 322 503 1966 2313">
     <span class='ocr_line' id='line_1_3' title="bbox 322 503 1950 577; baseline -0.004 -14"><span class='ocrx_word' id='word_1_8' title='bbox 322 507 527 564; x_wconf 83' lang='lat' dir='ltr'><strong>tissimi</strong></span> <span class='ocrx_word' id='word_1_9' title='bbox 605 507 835 577; x_wconf 91' lang='lat' dir='ltr'><strong>quidem</strong></span> <span class='ocrx_word' id='word_1_10' title='bbox 911 507 1015 561; x_wconf 90' lang='lat' dir='ltr'><strong>viri</strong></span> <span class='ocrx_word' id='word_1_11' title='bbox 1090 515 1208 562; x_wconf 89' lang='lat' dir='ltr'><strong>tam</strong></span> <span class='ocrx_word' id='word_1_12' title='bbox 1285 507 1572 577; x_wconf 87' lang='lat' dir='ltr'><strong>praeclarae</strong></span> <span class='ocrx_word' id='word_1_13' title='bbox 1650 503 1950 558; x_wconf 87' lang='lat' dir='ltr'><strong>sententiae</strong></span> 
     </span>
     <span class='ocr_line' id='line_1_4' title="bbox 323 592 1951 663; baseline -0.002 -16"><span class='ocrx_word' id='word_1_14' title='bbox 323 596 437 648; x_wconf 90' lang='lat' dir='ltr'><strong>vim</strong></span> <span class='ocrx_word' id='word_1_15' title='bbox 501 602 952 663; x_wconf 88' lang='lat' dir='ltr'><strong>consequuntur;</strong></span> <span class='ocrx_word' id='word_1_16' title='bbox 1018 595 1116 646; x_wconf 88' lang='lat' dir='ltr'><strong>sed</strong></span> <span class='ocrx_word' id='word_1_17' title='bbox 1179 594 1215 646; x_wconf 90' lang='lat' dir='ltr'><strong>ii</strong></span> <span class='ocrx_word' id='word_1_18' title='bbox 1278 595 1575 655; x_wconf 82' lang='lat' dir='ltr'>duntaxat,</span> <span class='ocrx_word' id='word_1_19' title='bbox 1638 608 1782 659; x_wconf 83' lang='lat' dir='ltr'><strong>quos</strong></span> <span class='ocrx_word' id='word_1_20' title='bbox 1840 592 1951 643; x_wconf 88' lang='lat' dir='ltr'><strong>sin-</strong></span> 
     </span>
     <span class='ocr_line' id='line_1_5' title="bbox 322 677 1954 751; baseline -0.004 -16"><span class='ocrx_word' id='word_1_21' title='bbox 322 682 498 751; x_wconf 83' lang='lat' dir='ltr'><strong>gulari</strong></span> <span class='ocrx_word' id='word_1_22' title='bbox 580 682 859 733; x_wconf 86' lang='lat' dir='ltr'><strong>beneficio</strong></span> <span class='ocrx_word' id='word_1_23' title='bbox 940 683 1095 732; x_wconf 86' lang='lat' dir='ltr'><strong>Deus</strong></span> <span class='ocrx_word' id='word_1_24' title='bbox 1172 682 1292 750; x_wconf 89' lang='lat' dir='ltr'><strong>ipse</strong></span> <span class='ocrx_word' id='word_1_25' title='bbox 1369 680 1606 731; x_wconf 89' lang='lat' dir='ltr'><strong>interior</strong></span> <span class='ocrx_word' id='word_1_26' title='bbox 1683 677 1954 745; x_wconf 87' lang='lat' dir='ltr'><strong>magister</strong></span> 
     </span>
     <span class='ocr_line' id='line_1_6' title="bbox 324 765 1953 835; baseline -0.004 -14"><span class='ocrx_word' id='word_1_27' title='bbox 324 767 596 830; x_wconf 91' lang='lat' dir='ltr'><strong>instituit;</strong></span> <span class='ocrx_word' id='word_1_28' title='bbox 667 774 838 835; x_wconf 87' lang='lat' dir='ltr'><strong>atque</strong></span> <span class='ocrx_word' id='word_1_29' title='bbox 901 767 959 819; x_wconf 90' lang='lat' dir='ltr'><strong>in</strong></span> <span class='ocrx_word' id='word_1_30' title='bbox 1012 767 1291 835; x_wconf 87' lang='lat' dir='ltr'><strong>ejusmodi</strong></span> <span class='ocrx_word' id='word_1_31' title='bbox 1345 768 1513 819; x_wconf 89' lang='lat' dir='ltr'><strong>rebus</strong></span> <span class='ocrx_word' id='word_1_32' title='bbox 1565 765 1728 818; x_wconf 85' lang='lat' dir='ltr'><strong>facile</strong></span> <span class='ocrx_word' id='word_1_33' title='bbox 1780 781 1953 833; x_wconf 89' lang='lat' dir='ltr'><strong>appa-</strong></span> 
     </span>
     <span class='ocr_line' id='line_1_7' title="bbox 324 851 1951 923; baseline -0.003 -14"><span class='ocrx_word' id='word_1_34' title='bbox 324 864 424 919; x_wconf 88' lang='lat' dir='ltr'><strong>ret,</strong></span> <span class='ocrx_word' id='word_1_35' title='bbox 517 862 732 923; x_wconf 89' lang='lat' dir='ltr'><strong>quanta</strong></span> <span class='ocrx_word' id='word_1_36' title='bbox 819 855 1053 906; x_wconf 87' lang='lat' dir='ltr'><strong>tandem</strong></span> <span class='ocrx_word' id='word_1_37' title='bbox 1137 861 1332 906; x_wconf 90' lang='lat' dir='ltr'><strong>nostra</strong></span> <span class='ocrx_word' id='word_1_38' title='bbox 1416 853 1489 905; x_wconf 91' lang='lat' dir='ltr'><strong>sit</strong></span> <span class='ocrx_word' id='word_1_39' title='bbox 1573 851 1951 915; x_wconf 83' lang='lat' dir='ltr'><strong>imbecillitaS,</strong></span> 
     </span>
     <span class='ocr_line' id='line_1_8' title="bbox 324 940 1951 1012; baseline -0.002 -17"><span class='ocrx_word' id='word_1_40' title='bbox 324 961 494 1012; x_wconf 89' lang='lat' dir='ltr'><strong>quam</strong></span> <span class='ocrx_word' id='word_1_41' title='bbox 558 941 769 1009; x_wconf 88' lang='lat' dir='ltr'><strong>fragilis</strong></span> <span class='ocrx_word' id='word_1_42' title='bbox 832 948 887 994; x_wconf 91' lang='lat' dir='ltr'><strong>et</strong></span> <span class='ocrx_word' id='word_1_43' title='bbox 950 941 1175 994; x_wconf 90' lang='lat' dir='ltr'><strong>infirma</strong></span> <span class='ocrx_word' id='word_1_44' title='bbox 1227 940 1493 994; x_wconf 88' lang='lat' dir='ltr'><strong>humanae</strong></span> <span class='ocrx_word' id='word_1_45' title='bbox 1548 947 1767 993; x_wconf 89' lang='lat' dir='ltr'><strong>naturae</strong></span> <span class='ocrx_word' id='word_1_46' title='bbox 1821 956 1951 992; x_wconf 91' lang='lat' dir='ltr'><strong>con·</strong></span> 
     </span>
     <span class='ocr_line' id='line_1_9' title="bbox 325 1025 1956 1097; baseline -0.002 -16"><span class='ocrx_word' id='word_1_47' title='bbox 325 1030 481 1082; x_wconf 89' lang='lat' dir='ltr'><strong>ditio.</strong></span> <span class='ocrx_word' id='word_1_48' title='bbox 561 1028 904 1097; x_wconf 83' lang='lat' dir='ltr'>Complures</span> <span class='ocrx_word' id='word_1_49' title='bbox 979 1028 1089 1079; x_wconf 92' lang='lat' dir='ltr'><strong>mei</strong></span> <span class='ocrx_word' id='word_1_50' title='bbox 1168 1047 1258 1079; x_wconf 90' lang='lat' dir='ltr'><strong>me</strong></span> <span class='ocrx_word' id='word_1_51' title='bbox 1334 1027 1503 1079; x_wconf 91' lang='lat' dir='ltr'><strong>amici</strong></span> <span class='ocrx_word' id='word_1_52' title='bbox 1585 1025 1956 1078; x_wconf 90' lang='lat' dir='ltr'><strong>vehementer</strong></span> 
     </span>
     <span class='ocr_line' id='line_1_10' title="bbox 324 1113 1952 1183; baseline -0.003 -15"><span class='ocrx_word' id='word_1_53' title='bbox 324 1115 593 1179; x_wconf 91' lang='lat' dir='ltr'><strong>orabant,</strong></span> <span class='ocrx_word' id='word_1_54' title='bbox 673 1132 743 1168; x_wconf 92' lang='lat' dir='ltr'><strong>ne</strong></span> <span class='ocrx_word' id='word_1_55' title='bbox 818 1122 995 1168; x_wconf 85' lang='lat' dir='ltr'><strong>tantae</strong></span> <span class='ocrx_word' id='word_1_56' title='bbox 1073 1115 1314 1168; x_wconf 84' lang='lat' dir='ltr'><strong>feritatis</strong></span> <span class='ocrx_word' id='word_1_57' title='bbox 1389 1122 1618 1183; x_wconf 83' lang='lat' dir='ltr'><strong>gentem</strong></span> <span class='ocrx_word' id='word_1_58' title='bbox 1697 1113 1952 1164; x_wconf 87' lang='lat' dir='ltr'><strong>adirem:</strong></span> 
     </span>
     <span class='ocr_line' id='line_1_11' title="bbox 324 1200 1956 1271; baseline -0.001 -17"><span class='ocrx_word' id='word_1_59' title='bbox 324 1209 523 1271; x_wconf 87' lang='lat' dir='ltr'><strong>postea</strong></span> <span class='ocrx_word' id='word_1_60' title='bbox 588 1221 740 1265; x_wconf 89' lang='lat' dir='ltr'><strong>vero,</strong></span> <span class='ocrx_word' id='word_1_61' title='bbox 806 1220 982 1270; x_wconf 88' lang='lat' dir='ltr'><strong>quum</strong></span> <span class='ocrx_word' id='word_1_62' title='bbox 1036 1219 1139 1254; x_wconf 90' lang='lat' dir='ltr'><strong>nec</strong></span> <span class='ocrx_word' id='word_1_63' title='bbox 1191 1201 1472 1270; x_wconf 82' lang='lat' dir='ltr'><strong>precibuS,</strong></span> <span class='ocrx_word' id='word_1_64' title='bbox 1533 1218 1637 1254; x_wconf 91' lang='lat' dir='ltr'><strong>nec</strong></span> <span class='ocrx_word' id='word_1_65' title='bbox 1689 1200 1956 1270; x_wconf 83' lang='lat' dir='ltr'><strong>lacrymis</strong></span> 
     </span>
     <span class='ocr_line' id='line_1_12' title="bbox 325 1287 1953 1358; baseline -0.001 -17"><span class='ocrx_word' id='word_1_66' title='bbox 325 1288 629 1358; x_wconf 86' lang='lat' dir='ltr'><strong>quicquam</strong></span> <span class='ocrx_word' id='word_1_67' title='bbox 704 1308 764 1341; x_wconf 88' lang='lat' dir='ltr'><strong>se</strong></span> <span class='ocrx_word' id='word_1_68' title='bbox 839 1289 1111 1357; x_wconf 85' lang='lat' dir='ltr'><strong>proficere</strong></span> <span class='ocrx_word' id='word_1_69' title='bbox 1186 1296 1503 1351; x_wconf 88' lang='lat' dir='ltr'><strong>senserunt,</strong></span> <span class='ocrx_word' id='word_1_70' title='bbox 1579 1287 1953 1356; x_wconf 87' lang='lat' dir='ltr'><strong>praesentissi-</strong></span> 
     </span>
     <span class='ocr_line' id='line_1_13' title="bbox 325 1374 1953 1444; baseline -0.001 -15"><span class='ocrx_word' id='word_1_71' title='bbox 325 1396 417 1429; x_wconf 92' lang='lat' dir='ltr'><strong>ma</strong></span> <span class='ocrx_word' id='word_1_72' title='bbox 469 1377 722 1429; x_wconf 89' lang='lat' dir='ltr'><strong>remedia</strong></span> <span class='ocrx_word' id='word_1_73' title='bbox 773 1384 973 1430; x_wconf 88' lang='lat' dir='ltr'><strong>contra</strong></span> <span class='ocrx_word' id='word_1_74' title='bbox 1025 1377 1218 1430; x_wconf 88' lang='lat' dir='ltr'><strong>omnia</strong></span> <span class='ocrx_word' id='word_1_75' title='bbox 1269 1394 1488 1428; x_wconf 90' lang='lat' dir='ltr'><strong>venena</strong></span> <span class='ocrx_word' id='word_1_76' title='bbox 1540 1394 1644 1444; x_wconf 91' lang='lat' dir='ltr'><strong>pro</strong></span> <span class='ocrx_word' id='word_1_77' title='bbox 1697 1394 1757 1428; x_wconf 93' lang='lat' dir='ltr'><strong>se</strong></span> <span class='ocrx_word' id='word_1_78' title='bbox 1803 1374 1953 1444; x_wconf 91' lang='lat' dir='ltr'><strong>quis-</strong></span> 
     </span>
     <span class='ocr_line' id='line_1_14' title="bbox 324 1463 1955 1533; baseline 0.001 -18"><span class='ocrx_word' id='word_1_79' title='bbox 324 1482 431 1533; x_wconf 91' lang='lat' dir='ltr'><strong>que</strong></span> <span class='ocrx_word' id='word_1_80' title='bbox 484 1465 821 1525; x_wconf 83' lang='lat' dir='ltr'><strong>afferebant;</strong></span> <span class='ocrx_word' id='word_1_81' title='bbox 877 1482 1003 1532; x_wconf 88' lang='lat' dir='ltr'><strong>quae</strong></span> <span class='ocrx_word' id='word_1_82' title='bbox 1057 1482 1161 1531; x_wconf 88' lang='lat' dir='ltr'><strong>ego</strong></span> <span class='ocrx_word' id='word_1_83' title='bbox 1215 1470 1546 1514; x_wconf 78' lang='lat' dir='ltr'><strong>constanter</strong></span> <span class='ocrx_word' id='word_1_84' title='bbox 1596 1463 1787 1514; x_wconf 90' lang='lat' dir='ltr'><strong>remisi</strong></span> <span class='ocrx_word' id='word_1_85' title='bbox 1836 1481 1955 1516; x_wconf 89' lang='lat' dir='ltr'><strong>orn-</strong></span> 
     </span>
     <span class='ocr_line' id='line_1_15' title="bbox 325 1549 1956 1612; baseline -0.001 -10"><span class='ocrx_word' id='word_1_86' title='bbox 325 1551 442 1612; x_wconf 88' lang='lat' dir='ltr'><strong>nia;</strong></span> <span class='ocrx_word' id='word_1_87' title='bbox 507 1567 577 1601; x_wconf 90' lang='lat' dir='ltr'><strong>ne</strong></span> <span class='ocrx_word' id='word_1_88' title='bbox 639 1550 903 1602; x_wconf 86' lang='lat' dir='ltr'><strong>videlicet</strong></span> <span class='ocrx_word' id='word_1_89' title='bbox 958 1549 1393 1601; x_wconf 80' lang='lat' dir='ltr'><strong>medicamentis</strong></span> <span class='ocrx_word' id='word_1_90' title='bbox 1447 1556 1704 1611; x_wconf 89' lang='lat' dir='ltr'><strong>onustus,</strong></span> <span class='ocrx_word' id='word_1_91' title='bbox 1759 1568 1956 1601; x_wconf 90' lang='lat' dir='ltr'><strong>onera-</strong></span> 
     </span>
     <span class='ocr_line' id='line_1_16' title="bbox 326 1636 1956 1704; baseline 0.001 -16"><span class='ocrx_word' id='word_1_92' title='bbox 326 1656 412 1688; x_wconf 88' lang='lat' dir='ltr'><strong>rer</strong></span> <span class='ocrx_word' id='word_1_93' title='bbox 476 1636 648 1688; x_wconf 88' lang='lat' dir='ltr'><strong>etiam</strong></span> <span class='ocrx_word' id='word_1_94' title='bbox 713 1636 1111 1698; x_wconf 87' lang='lat' dir='ltr'><strong>sollicitudine,</strong></span> <span class='ocrx_word' id='word_1_95' title='bbox 1177 1654 1289 1704; x_wconf 89' lang='lat' dir='ltr'><strong>qua</strong></span> <span class='ocrx_word' id='word_1_96' title='bbox 1351 1637 1633 1689; x_wconf 88' lang='lat' dir='ltr'><strong>carebam.</strong></span> <span class='ocrx_word' id='word_1_97' title='bbox 1700 1638 1956 1690; x_wconf 57' lang='lat' dir='ltr'><strong>Cum-e-</strong></span> 
     </span>
     <span class='ocr_line' id='line_1_17' title="bbox 325 1723 1957 1794; baseline 0 -19"><span class='ocrx_word' id='word_1_98' title='bbox 325 1725 441 1775; x_wconf 90' lang='lat' dir='ltr'><strong>nim</strong></span> <span class='ocrx_word' id='word_1_99' title='bbox 507 1742 738 1775; x_wconf 89' lang='lat' dir='ltr'><strong>omnem</strong></span> <span class='ocrx_word' id='word_1_100' title='bbox 805 1743 962 1794; x_wconf 90' lang='lat' dir='ltr'><strong>spem</strong></span> <span class='ocrx_word' id='word_1_101' title='bbox 1033 1744 1217 1775; x_wconf 90' lang='lat' dir='ltr'><strong>meam</strong></span> <span class='ocrx_word' id='word_1_102' title='bbox 1286 1723 1654 1775; x_wconf 88' lang='lat' dir='ltr'><strong>collocassem</strong></span> <span class='ocrx_word' id='word_1_103' title='bbox 1709 1723 1766 1775; x_wconf 88' lang='lat' dir='ltr'><strong>in</strong></span> <span class='ocrx_word' id='word_1_104' title='bbox 1819 1723 1957 1775; x_wconf 86' lang='lat' dir='ltr'><strong>divi·</strong></span> 
     </span>
     <span class='ocr_line' id='line_1_18' title="bbox 326 1810 1957 1878; baseline 0.001 -17"><span class='ocrx_word' id='word_1_105' title='bbox 326 1827 411 1862; x_wconf 88' lang='lat' dir='ltr'><strong>nae</strong></span> <span class='ocrx_word' id='word_1_106' title='bbox 479 1810 855 1877; x_wconf 87' lang='lat' dir='ltr'><strong>providentiae</strong></span> <span class='ocrx_word' id='word_1_107' title='bbox 908 1811 1193 1878; x_wconf 86' lang='lat' dir='ltr'><strong>praesidi0‚</strong></span> <span class='ocrx_word' id='word_1_108' title='bbox 1250 1812 1567 1864; x_wconf 89' lang='lat' dir='ltr'><strong>cavendum</strong></span> <span class='ocrx_word' id='word_1_109' title='bbox 1622 1812 1762 1862; x_wconf 91' lang='lat' dir='ltr'><strong>mihi</strong></span> <span class='ocrx_word' id='word_1_110' title='bbox 1816 1812 1957 1863; x_wconf 85' lang='lat' dir='ltr'><strong>exis-</strong></span> 
     </span>
     <span class='ocr_line' id='line_1_19' title="bbox 325 1895 1958 1964; baseline 0.001 -17"><span class='ocrx_word' id='word_1_111' title='bbox 325 1897 620 1959; x_wconf 91' lang='lat' dir='ltr'><strong>timabam,</strong></span> <span class='ocrx_word' id='word_1_112' title='bbox 688 1914 758 1947; x_wconf 90' lang='lat' dir='ltr'><strong>ne</strong></span> <span class='ocrx_word' id='word_1_113' title='bbox 824 1895 1089 1947; x_wconf 91' lang='lat' dir='ltr'><strong>humanis</strong></span> <span class='ocrx_word' id='word_1_114' title='bbox 1155 1895 1435 1963; x_wconf 85' lang='lat' dir='ltr'><strong>praesidiis</strong></span> <span class='ocrx_word' id='word_1_115' title='bbox 1500 1895 1694 1959; x_wconf 85' lang='lat' dir='ltr'><strong>fretus,</strong></span> <span class='ocrx_word' id='word_1_116' title='bbox 1762 1897 1958 1964; x_wconf 87' lang='lat' dir='ltr'><strong>deper-</strong></span> 
     </span>
     <span class='ocr_line' id='line_1_20' title="bbox 325 1982 1958 2053; baseline 0 -19"><span class='ocrx_word' id='word_1_117' title='bbox 325 1983 515 2035; x_wconf 86' lang='lat' dir='ltr'><strong>derem</strong></span> <span class='ocrx_word' id='word_1_118' title='bbox 578 1982 793 2050; x_wconf 89' lang='lat' dir='ltr'><strong>aliquid</strong></span> <span class='ocrx_word' id='word_1_119' title='bbox 856 1984 926 2035; x_wconf 89' lang='lat' dir='ltr'><strong>de</strong></span> <span class='ocrx_word' id='word_1_120' title='bbox 988 1984 1197 2035; x_wconf 88' lang='lat' dir='ltr'><strong>fiducia</strong></span> <span class='ocrx_word' id='word_1_121' title='bbox 1261 1984 1387 2034; x_wconf 91' lang='lat' dir='ltr'><strong>Dei.</strong></span> <span class='ocrx_word' id='word_1_122' title='bbox 1446 1986 1649 2052; x_wconf 88' lang='lat' dir='ltr'><strong>Itaque</strong></span> <span class='ocrx_word' id='word_1_123' title='bbox 1702 1985 1783 2034; x_wconf 88' lang='lat' dir='ltr'><strong>eis</strong></span> <span class='ocrx_word' id='word_1_124' title='bbox 1835 2002 1958 2053; x_wconf 86' lang='lat' dir='ltr'><strong>gra-</strong></span> 
     </span>
     <span class='ocr_line' id='line_1_21' title="bbox 324 2068 1966 2139; baseline 0.002 -19"><span class='ocrx_word' id='word_1_125' title='bbox 324 2069 432 2121; x_wconf 91' lang='lat' dir='ltr'><strong>tias</strong></span> <span class='ocrx_word' id='word_1_126' title='bbox 485 2069 590 2138; x_wconf 85' lang='lat' dir='ltr'><strong>egi,</strong></span> <span class='ocrx_word' id='word_1_127' title='bbox 646 2077 702 2121; x_wconf 87' lang='lat' dir='ltr'><strong>et</strong></span> <span class='ocrx_word' id='word_1_128' title='bbox 756 2068 923 2121; x_wconf 91' lang='lat' dir='ltr'><strong>simul</strong></span> <span class='ocrx_word' id='word_1_129' title='bbox 976 2087 1189 2133; x_wconf 38' lang='lat' dir='ltr'><strong>omnes,</strong></span> <span class='ocrx_word' id='word_1_130' title='bbox 1230 2069 1542 2132; x_wconf 87' lang='lat' dir='ltr'><strong>obsecravi,</strong></span> <span class='ocrx_word' id='word_1_131' title='bbox 1598 2077 1658 2132; x_wconf 87' lang='lat' dir='ltr'><strong>ut</strong></span> <span class='ocrx_word' id='word_1_132' title='bbox 1712 2088 1814 2139; x_wconf 92' lang='lat' dir='ltr'><strong>pro</strong></span> <span class='ocrx_word' id='word_1_133' title='bbox 1868 2087 1966 2123; x_wconf 86' lang='lat' dir='ltr'><strong>me-</strong></span> 
     </span>
     <span class='ocr_line' id='line_1_22' title="bbox 327 2156 1959 2231; baseline 0.001 -23"><span class='ocrx_word' id='word_1_134' title='bbox 327 2157 511 2209; x_wconf 90' lang='lat' dir='ltr'><strong>Deum</strong></span> <span class='ocrx_word' id='word_1_135' title='bbox 566 2157 1034 2225; x_wconf 83' lang='lat' dir='ltr'><strong>deprecarentur:</strong></span> <span class='ocrx_word' id='word_1_136' title='bbox 1090 2156 1199 2209; x_wconf 94' lang='lat' dir='ltr'><strong>hoc</strong></span> <span class='ocrx_word' id='word_1_137' title='bbox 1252 2157 1504 2231; x_wconf 85' lang='lat' dir='ltr'><strong>remedio</strong></span> <span class='ocrx_word' id='word_1_138' title='bbox 1557 2157 1771 2210; x_wconf 91' lang='lat' dir='ltr'><strong>nullum</strong></span> <span class='ocrx_word' id='word_1_139' title='bbox 1819 2176 1959 2227; x_wconf 88' lang='lat' dir='ltr'><strong>prae-</strong></span> 
     </span>
     <span class='ocr_line' id='line_1_23' title="bbox 326 2243 1065 2313; baseline 0.003 -18"><span class='ocrx_word' id='word_1_140' title='bbox 326 2243 540 2297; x_wconf 88' lang='lat' dir='ltr'><strong>sentius</strong></span> <span class='ocrx_word' id='word_1_141' title='bbox 592 2261 761 2312; x_wconf 93' lang='lat' dir='ltr'><strong>posse</strong></span> <span class='ocrx_word' id='word_1_142' title='bbox 815 2245 1065 2313; x_wconf 87' lang='lat' dir='ltr'><strong>reperiri.</strong></span> 
     </span>
    </p>

    <p class='ocr_par' dir='ltr' id='par_1_4' title="bbox 325 2332 1962 3192">
     <span class='ocr_line' id='line_1_24' title="bbox 399 2332 1962 2398; baseline 0.003 -14"><span class='ocrx_word' id='word_1_143' title='bbox 399 2332 512 2384; x_wconf 85' lang='lat' dir='ltr'><strong>Sed</strong></span> <span class='ocrx_word' id='word_1_144' title='bbox 576 2339 635 2385; x_wconf 90' lang='lat' dir='ltr'><strong>ut</strong></span> <span class='ocrx_word' id='word_1_145' title='bbox 701 2332 773 2385; x_wconf 93' lang='lat' dir='ltr'><strong>ad</strong></span> <span class='ocrx_word' id='word_1_146' title='bbox 831 2332 1160 2386; x_wconf 89' lang='lat' dir='ltr'><strong>Molucense</strong></span> <span class='ocrx_word' id='word_1_147' title='bbox 1214 2332 1322 2386; x_wconf 90' lang='lat' dir='ltr'><strong>iter</strong></span> <span class='ocrx_word' id='word_1_148' title='bbox 1373 2340 1741 2398; x_wconf 87' lang='lat' dir='ltr'><strong>revertamur,</strong></span> <span class='ocrx_word' id='word_1_149' title='bbox 1806 2334 1962 2388; x_wconf 89' lang='lat' dir='ltr'><strong>navi·</strong></span> 
     </span>
     <span class='ocr_line' id='line_1_25' title="bbox 325 2418 1957 2486; baseline 0.004 -17"><span class='ocrx_word' id='word_1_150' title='bbox 325 2419 552 2486; x_wconf 88' lang='lat' dir='ltr'><strong>gatione</strong></span> <span class='ocrx_word' id='word_1_151' title='bbox 606 2418 693 2470; x_wconf 87' lang='lat' dir='ltr'><strong>usi</strong></span> <span class='ocrx_word' id='word_1_152' title='bbox 747 2437 944 2471; x_wconf 90' lang='lat' dir='ltr'><strong>sumus</strong></span> <span class='ocrx_word' id='word_1_153' title='bbox 998 2418 1233 2471; x_wconf 89' lang='lat' dir='ltr'><strong>minime</strong></span> <span class='ocrx_word' id='word_1_154' title='bbox 1280 2420 1557 2473; x_wconf 89' lang='lat' dir='ltr'><strong>secunda:</strong></span> <span class='ocrx_word' id='word_1_155' title='bbox 1610 2420 1789 2474; x_wconf 89' lang='lat' dir='ltr'><strong>multa</strong></span> <span class='ocrx_word' id='word_1_156' title='bbox 1833 2429 1957 2475; x_wconf 90' lang='lat' dir='ltr'><strong>tum</strong></span> 
     </span>
     <span class='ocr_line' id='line_1_26' title="bbox 326 2506 1959 2574; baseline 0.002 -17"><span class='ocrx_word' id='word_1_157' title='bbox 326 2506 656 2574; x_wconf 86' lang='lat' dir='ltr'><strong>piratarum,</strong></span> <span class='ocrx_word' id='word_1_158' title='bbox 710 2515 833 2558; x_wconf 93' lang='lat' dir='ltr'><strong>tum</strong></span> <span class='ocrx_word' id='word_1_159' title='bbox 888 2514 1301 2574; x_wconf 85' lang='lat' dir='ltr'><strong>tempestatum</strong></span> <span class='ocrx_word' id='word_1_160' title='bbox 1354 2507 1605 2574; x_wconf 90' lang='lat' dir='ltr'><strong>pericula</strong></span> <span class='ocrx_word' id='word_1_161' title='bbox 1657 2508 1959 2561; x_wconf 62' lang='lat' dir='ltr'><strong>adivimus</strong></span> 
     </span>
     <span class='ocr_line' id='line_1_27' title="bbox 329 2593 1959 2664; baseline 0.003 -21"><span class='ocrx_word' id='word_1_162' title='bbox 329 2593 472 2645; x_wconf 90' lang='lat' dir='ltr'><strong>Illud</strong></span> <span class='ocrx_word' id='word_1_163' title='bbox 540 2594 881 2645; x_wconf 86' lang='lat' dir='ltr'><strong>maximum:</strong></span> <span class='ocrx_word' id='word_1_164' title='bbox 949 2594 1165 2660; x_wconf 85' lang='lat' dir='ltr'><strong>ingenti</strong></span> <span class='ocrx_word' id='word_1_165' title='bbox 1229 2594 1357 2644; x_wconf 87' lang='lat' dir='ltr'><strong>navi</strong></span> <span class='ocrx_word' id='word_1_166' title='bbox 1410 2593 1777 2658; x_wconf 89' lang='lat' dir='ltr'><strong>vehebamur,</strong></span> <span class='ocrx_word' id='word_1_167' title='bbox 1833 2615 1959 2664; x_wconf 86' lang='lat' dir='ltr'><strong>quae</strong></span> 
     </span>
     <span class='ocr_line' id='line_1_28' title="bbox 326 2679 1960 2749; baseline 0.002 -18"><span class='ocrx_word' id='word_1_168' title='bbox 326 2679 687 2748; x_wconf 88' lang='lat' dir='ltr'><strong>tempestatis</strong></span> <span class='ocrx_word' id='word_1_169' title='bbox 749 2680 963 2748; x_wconf 91' lang='lat' dir='ltr'><strong>impetu</strong></span> <span class='ocrx_word' id='word_1_170' title='bbox 1021 2679 1077 2731; x_wconf 92' lang='lat' dir='ltr'><strong>in</strong></span> <span class='ocrx_word' id='word_1_171' title='bbox 1131 2687 1314 2749; x_wconf 91' lang='lat' dir='ltr'><strong>syrtes</strong></span> <span class='ocrx_word' id='word_1_172' title='bbox 1367 2680 1622 2749; x_wconf 89' lang='lat' dir='ltr'><strong>abrepta,</strong></span> <span class='ocrx_word' id='word_1_173' title='bbox 1676 2682 1787 2734; x_wconf 87' lang='lat' dir='ltr'><strong>tria</strong></span> <span class='ocrx_word' id='word_1_174' title='bbox 1839 2682 1960 2735; x_wconf 91' lang='lat' dir='ltr'><strong>mil-</strong></span> 
     </span>
     <span class='ocr_line' id='line_1_29' title="bbox 326 2764 1962 2835; baseline 0.004 -19"><span class='ocrx_word' id='word_1_175' title='bbox 326 2764 399 2817; x_wconf 91' lang='lat' dir='ltr'><strong>lia</strong></span> <span class='ocrx_word' id='word_1_176' title='bbox 462 2785 735 2834; x_wconf 89' lang='lat' dir='ltr'><strong>passuum</strong></span> <span class='ocrx_word' id='word_1_177' title='bbox 802 2767 882 2818; x_wconf 86' lang='lat' dir='ltr'><strong>ita</strong></span> <span class='ocrx_word' id='word_1_178' title='bbox 946 2767 1209 2828; x_wconf 87' lang='lat' dir='ltr'><strong>confecit,</strong></span> <span class='ocrx_word' id='word_1_179' title='bbox 1265 2775 1325 2818; x_wconf 92' lang='lat' dir='ltr'><strong>ut</strong></span> <span class='ocrx_word' id='word_1_180' title='bbox 1379 2767 1557 2820; x_wconf 90' lang='lat' dir='ltr'><strong>imum</strong></span> <span class='ocrx_word' id='word_1_181' title='bbox 1611 2770 1962 2835; x_wconf 90' lang='lat' dir='ltr'><strong>gubernacu-</strong></span> 
     </span>
     <span class='ocr_line' id='line_1_30' title="bbox 326 2852 1961 2924; baseline 0.004 -22"><span class='ocrx_word' id='word_1_182' title='bbox 326 2852 441 2904; x_wconf 91' lang='lat' dir='ltr'><strong>lum</strong></span> <span class='ocrx_word' id='word_1_183' title='bbox 516 2862 792 2923; x_wconf 89' lang='lat' dir='ltr'><strong>perpetuo</strong></span> <span class='ocrx_word' id='word_1_184' title='bbox 868 2872 1099 2904; x_wconf 90' lang='lat' dir='ltr'><strong>arenam</strong></span> <span class='ocrx_word' id='word_1_185' title='bbox 1174 2853 1597 2922; x_wconf 86' lang='lat' dir='ltr'><strong>perstringeret.</strong></span> <span class='ocrx_word' id='word_1_186' title='bbox 1678 2856 1848 2924; x_wconf 70' lang='lat' dir='ltr'><strong>Quod</strong></span> <span class='ocrx_word' id='word_1_187' title='bbox 1914 2855 1961 2908; x_wconf 90' lang='lat' dir='ltr'><strong>si</strong></span> 
     </span>
     <span class='ocr_line' id='line_1_31' title="bbox 327 2940 1960 3012; baseline 0.003 -21"><span class='ocrx_word' id='word_1_188' title='bbox 327 2940 412 2991; x_wconf 88' lang='lat' dir='ltr'><strong>vel</strong></span> <span class='ocrx_word' id='word_1_189' title='bbox 477 2940 534 2991; x_wconf 90' lang='lat' dir='ltr'><strong>in</strong></span> <span class='ocrx_word' id='word_1_190' title='bbox 595 2940 840 2992; x_wconf 91' lang='lat' dir='ltr'><strong>latentes</strong></span> <span class='ocrx_word' id='word_1_191' title='bbox 904 2940 1186 3007; x_wconf 77' lang='lat' dir='ltr'><strong>scopuIOS,</strong></span> <span class='ocrx_word' id='word_1_192' title='bbox 1250 2940 1338 2991; x_wconf 91' lang='lat' dir='ltr'><strong>vel</strong></span> <span class='ocrx_word' id='word_1_193' title='bbox 1401 2941 1457 2992; x_wconf 90' lang='lat' dir='ltr'><strong>in</strong></span> <span class='ocrx_word' id='word_1_194' title='bbox 1510 2944 1658 2994; x_wconf 90' lang='lat' dir='ltr'><strong>vada</strong></span> <span class='ocrx_word' id='word_1_195' title='bbox 1710 2944 1960 3012; x_wconf 87' lang='lat' dir='ltr'><strong>inaequa-</strong></span> 
     </span>
     <span class='ocr_line' id='line_1_32' title="bbox 328 3025 1957 3096; baseline 0.004 -20"><span class='ocrx_word' id='word_1_196' title='bbox 328 3025 401 3078; x_wconf 90' lang='lat' dir='ltr'><strong>lia</strong></span> <span class='ocrx_word' id='word_1_197' title='bbox 464 3027 792 3080; x_wconf 89' lang='lat' dir='ltr'><strong>incurrisset</strong></span> <span class='ocrx_word' id='word_1_198' title='bbox 863 3027 1045 3096; x_wconf 90' lang='lat' dir='ltr'><strong>(quod</strong></span> <span class='ocrx_word' id='word_1_199' title='bbox 1111 3044 1311 3078; x_wconf 91' lang='lat' dir='ltr'><strong>omnes</strong></span> <span class='ocrx_word' id='word_1_200' title='bbox 1376 3045 1446 3078; x_wconf 88' lang='lat' dir='ltr'><strong>ne</strong></span> <span class='ocrx_word' id='word_1_201' title='bbox 1510 3027 1795 3082; x_wconf 90' lang='lat' dir='ltr'><strong>accideret</strong></span> <span class='ocrx_word' id='word_1_202' title='bbox 1828 3071 1831 3073; x_wconf 18' lang='grc' dir='ltr'><strong>Α</strong></span> <span class='ocrx_word' id='word_1_203' title='bbox 1868 3047 1957 3082; x_wconf 90' lang='lat' dir='ltr'><strong>su-</strong></span> 
     </span>
     <span class='ocr_line' id='line_1_33' title="bbox 328 3101 1961 3192; baseline 0.005 -28"><span class='ocrx_word' id='word_1_204' title='bbox 328 3101 498 3166; x_wconf 84' lang='lat' dir='ltr'><strong>binde</strong></span> <span class='ocrx_word' id='word_1_205' title='bbox 582 3114 1123 3177; x_wconf 85' lang='lat' dir='ltr'><strong>extirnescebamus)</strong></span> <span class='ocrx_word' id='word_1_206' title='bbox 1207 3120 1359 3166; x_wconf 89' lang='lat' dir='ltr'><strong>certe</strong></span> <span class='ocrx_word' id='word_1_207' title='bbox 1436 3114 1588 3170; x_wconf 85' lang='lat' dir='ltr'><strong>facto</strong></span> <span class='ocrx_word' id='word_1_208' title='bbox 1665 3117 1961 3192; x_wconf 66' lang='lat' dir='ltr'><strong>naufragio</strong></span> 
     </span>
    </p>
   </div>
   <div class='ocr_carea' id='block_1_4' title="bbox 2472 0 2810 3904">
    <p class='ocr_par' dir='ltr' id='par_1_5' title="bbox 2472 0 2810 3904">
     <span class='ocr_line' id='line_1_34' title="bbox 2472 0 2810 3904; baseline 0 0"><span class='ocrx_word' id='word_1_209' title='bbox 2472 0 2810 3904; x_wconf 95' lang='lat' dir='ltr'><strong> </strong></span> 
     </span>
    </p>
   </div>
  </div>
 </body>
</html>
