<?xml version="1.0" encoding="UTF-8"?>
<!DOCTYPE html PUBLIC "-//W3C//DTD XHTML 1.0 Transitional//EN"
    "http://www.w3.org/TR/xhtml1/DTD/xhtml1-transitional.dtd">
<html xmlns="http://www.w3.org/1999/xhtml" xml:lang="en" lang="en">
 <head>
  <title>
</title>
<meta http-equiv="Content-Type" content="text/html;charset=utf-8" />
  <meta name='ocr-system' content='tesseract 3.04.00' />
  <meta name='ocr-capabilities' content='ocr_page ocr_carea ocr_par ocr_line ocrx_word'/>
</head>
<body>
  <div class='ocr_page' id='page_1' title='image "./pts_epistolae_3720-0638_v1_0367.png"; bbox 0 0 2692 3907; ppageno 0'>
   <div class='ocr_carea' id='block_1_1' title="bbox 684 376 2057 448">
    <p class='ocr_par' dir='ltr' id='par_1_1' title="bbox 684 376 2057 448">
     <span class='ocr_line' id='line_1_1' title="bbox 684 376 2057 448; baseline 0.001 -18"><span class='ocrx_word' id='word_1_1' title='bbox 684 376 789 448; x_wconf 82' lang='lat'>346</span> <span class='ocrx_word' id='word_1_2' title='bbox 940 395 1124 431; x_wconf 84' lang='lat' dir='ltr'>LIBER</span> <span class='ocrx_word' id='word_1_3' title='bbox 1166 396 1611 433; x_wconf 77' lang='lat' dir='ltr'>1v.—sYM130L1</span> <span class='ocrx_word' id='word_1_4' title='bbox 1654 393 2057 433; x_wconf 84' lang='lat' dir='ltr'><strong>DECLARATIO.</strong></span> 
     </span>
    </p>
   </div>
   <div class='ocr_carea' id='block_1_2' title="bbox 684 518 2404 3209">
    <p class='ocr_par' dir='ltr' id='par_1_2' title="bbox 684 518 2404 1982">
     <span class='ocr_line' id='line_1_2' title="bbox 684 518 2315 598; baseline 0 -18"><span class='ocrx_word' id='word_1_5' title='bbox 684 526 827 581; x_wconf 87' lang='lat' dir='ltr'>foret</span> <span class='ocrx_word' id='word_1_6' title='bbox 881 528 1127 595; x_wconf 88' lang='lat' dir='ltr'>cujusvis</span> <span class='ocrx_word' id='word_1_7' title='bbox 1179 518 1408 582; x_wconf 89' lang='lat' dir='ltr'>alterius</span> <span class='ocrx_word' id='word_1_8' title='bbox 1461 530 1516 583; x_wconf 92' lang='lat' dir='ltr'>id</span> <span class='ocrx_word' id='word_1_9' title='bbox 1572 531 1675 583; x_wconf 85' lang='lat' dir='ltr'>sibi</span> <span class='ocrx_word' id='word_1_10' title='bbox 1728 530 2083 598; x_wconf 88' lang='lat' dir='ltr'>privilegium</span> <span class='ocrx_word' id='word_1_11' title='bbox 2150 546 2315 597; x_wconf 90' lang='lat' dir='ltr'>spon-</span> 
     </span>
     <span class='ocr_line' id='line_1_3' title="bbox 684 613 2316 687; baseline 0.001 -22"><span class='ocrx_word' id='word_1_12' title='bbox 684 613 890 666; x_wconf 88' lang='lat' dir='ltr'>dentis.</span> <span class='ocrx_word' id='word_1_13' title='bbox 941 615 1227 667; x_wconf 80' lang='lat' dir='ltr'>Caeterum</span> <span class='ocrx_word' id='word_1_14' title='bbox 1276 635 1390 668; x_wconf 89' lang='lat' dir='ltr'>non</span> <span class='ocrx_word' id='word_1_15' title='bbox 1438 635 1540 668; x_wconf 92' lang='lat' dir='ltr'>sua</span> <span class='ocrx_word' id='word_1_16' title='bbox 1586 636 1758 669; x_wconf 89' lang='lat' dir='ltr'>causa</span> <span class='ocrx_word' id='word_1_17' title='bbox 1809 617 1978 687; x_wconf 92' lang='lat' dir='ltr'>Jesus</span> <span class='ocrx_word' id='word_1_18' title='bbox 2032 623 2117 668; x_wconf 89' lang='lat' dir='ltr'>est</span> <span class='ocrx_word' id='word_1_19' title='bbox 2172 632 2316 667; x_wconf 90' lang='lat' dir='ltr'>mor-</span> 
     </span>
     <span class='ocr_line' id='line_1_4' title="bbox 684 704 2317 771; baseline 0.001 -18"><span class='ocrx_word' id='word_1_20' title='bbox 684 710 833 764; x_wconf 79' lang='lat' dir='ltr'>tUUS,</span> <span class='ocrx_word' id='word_1_21' title='bbox 891 704 988 755; x_wconf 90' lang='lat' dir='ltr'>sed</span> <span class='ocrx_word' id='word_1_22' title='bbox 1043 721 1145 770; x_wconf 93' lang='lat' dir='ltr'>pro</span> <span class='ocrx_word' id='word_1_23' title='bbox 1198 706 1450 771; x_wconf 90' lang='lat' dir='ltr'>peccatis</span> <span class='ocrx_word' id='word_1_24' title='bbox 1504 706 1729 768; x_wconf 89' lang='lat' dir='ltr'>nostris,</span> <span class='ocrx_word' id='word_1_25' title='bbox 1786 722 1918 756; x_wconf 86' lang='lat' dir='ltr'>mox</span> <span class='ocrx_word' id='word_1_26' title='bbox 1981 713 2179 756; x_wconf 88' lang='lat' dir='ltr'>tamen</span> <span class='ocrx_word' id='word_1_27' title='bbox 2238 720 2317 754; x_wconf 92' lang='lat' dir='ltr'>re-</span> 
     </span>
     <span class='ocr_line' id='line_1_5' title="bbox 687 788 2321 860; baseline -0.001 -19"><span class='ocrx_word' id='word_1_28' title='bbox 687 790 925 843; x_wconf 79' lang='lat' dir='ltr'><strong>surrexit</strong></span> <span class='ocrx_word' id='word_1_29' title='bbox 978 790 1206 859; x_wconf 91' lang='lat' dir='ltr'>propria</span> <span class='ocrx_word' id='word_1_30' title='bbox 1258 792 1483 855; x_wconf 89' lang='lat' dir='ltr'>virtute,</span> <span class='ocrx_word' id='word_1_31' title='bbox 1540 800 1600 844; x_wconf 92' lang='lat' dir='ltr'>ut</span> <span class='ocrx_word' id='word_1_32' title='bbox 1654 800 1709 845; x_wconf 90' lang='lat' dir='ltr'>et</span> <span class='ocrx_word' id='word_1_33' title='bbox 1763 790 2091 860; x_wconf 89' lang='lat' dir='ltr'>resurgendi</span> <span class='ocrx_word' id='word_1_34' title='bbox 2158 788 2321 841; x_wconf 91' lang='lat' dir='ltr'>nobis</span> 
     </span>
     <span class='ocr_line' id='line_1_6' title="bbox 685 876 2320 942; baseline 0.001 -15"><span class='ocrx_word' id='word_1_35' title='bbox 685 876 954 928; x_wconf 87' lang='lat' dir='ltr'>fiduciam</span> <span class='ocrx_word' id='word_1_36' title='bbox 1021 879 1435 931; x_wconf 88' lang='lat' dir='ltr'>resurrectione</span> <span class='ocrx_word' id='word_1_37' title='bbox 1501 880 1745 932; x_wconf 80' lang='lat' dir='ltr'>sanciret</span> <span class='ocrx_word' id='word_1_38' title='bbox 1812 896 1930 942; x_wconf 88' lang='lat' dir='ltr'>sua,</span> <span class='ocrx_word' id='word_1_39' title='bbox 1999 885 2054 930; x_wconf 93' lang='lat' dir='ltr'>et</span> <span class='ocrx_word' id='word_1_40' title='bbox 2110 876 2320 930; x_wconf 91' lang='lat' dir='ltr'>acerbi-</span> 
     </span>
     <span class='ocr_line' id='line_1_7' title="bbox 685 964 2324 1033; baseline 0.001 -19"><span class='ocrx_word' id='word_1_41' title='bbox 685 970 865 1015; x_wconf 81' lang='lat' dir='ltr'><strong>tatem</strong></span> <span class='ocrx_word' id='word_1_42' title='bbox 915 965 1273 1017; x_wconf 77' lang='lat' dir='ltr'>necessitatis</span> <span class='ocrx_word' id='word_1_43' title='bbox 1322 966 1601 1018; x_wconf 91' lang='lat' dir='ltr'>moriendi</span> <span class='ocrx_word' id='word_1_44' title='bbox 1649 966 1756 1033; x_wconf 89' lang='lat' dir='ltr'>piis</span> <span class='ocrx_word' id='word_1_45' title='bbox 1802 965 2079 1032; x_wconf 86' lang='lat' dir='ltr'>bonisque</span> <span class='ocrx_word' id='word_1_46' title='bbox 2124 964 2324 1016; x_wconf 88' lang='lat' dir='ltr'>amicis</span> 
     </span>
     <span class='ocr_line' id='line_1_8' title="bbox 688 1050 2315 1119; baseline 0.001 -18"><span class='ocrx_word' id='word_1_47' title='bbox 688 1050 821 1111; x_wconf 79' lang='lat' dir='ltr'>suiS,</span> <span class='ocrx_word' id='word_1_48' title='bbox 889 1051 1128 1119; x_wconf 86' lang='lat' dir='ltr'>exempli</span> <span class='ocrx_word' id='word_1_49' title='bbox 1194 1052 1405 1119; x_wconf 91' lang='lat' dir='ltr'>proprii</span> <span class='ocrx_word' id='word_1_50' title='bbox 1471 1051 1875 1103; x_wconf 81' lang='lat' dir='ltr'>communione</span> <span class='ocrx_word' id='word_1_51' title='bbox 1951 1056 2315 1118; x_wconf 79' lang='lat' dir='ltr'>temperaret.</span> 
     </span>
     <span class='ocr_line' id='line_1_9' title="bbox 693 1135 2331 1207; baseline 0 -18"><span class='ocrx_word' id='word_1_52' title='bbox 693 1138 847 1205; x_wconf 89' lang='lat' dir='ltr'>Ergo</span> <span class='ocrx_word' id='word_1_53' title='bbox 900 1138 987 1190; x_wconf 85' lang='lat' dir='ltr'>vel</span> <span class='ocrx_word' id='word_1_54' title='bbox 1041 1139 1086 1190; x_wconf 90' lang='lat' dir='ltr'>si</span> <span class='ocrx_word' id='word_1_55' title='bbox 1140 1139 1235 1207; x_wconf 89' lang='lat' dir='ltr'>qui</span> <span class='ocrx_word' id='word_1_56' title='bbox 1283 1139 1466 1192; x_wconf 87' lang='lat' dir='ltr'>sancti</span> <span class='ocrx_word' id='word_1_57' title='bbox 1514 1147 1569 1193; x_wconf 92' lang='lat' dir='ltr'>et</span> <span class='ocrx_word' id='word_1_58' title='bbox 1617 1139 1774 1192; x_wconf 90' lang='lat' dir='ltr'>omni</span> <span class='ocrx_word' id='word_1_59' title='bbox 1827 1139 2035 1191; x_wconf 90' lang='lat' dir='ltr'>virtute</span> <span class='ocrx_word' id='word_1_60' title='bbox 2088 1135 2331 1207; x_wconf 45' lang='lat' dir='ltr'>perfecti*</span> 
     </span>
     <span class='ocr_line' id='line_1_10' title="bbox 693 1224 2404 1295; baseline 0.001 -20"><span class='ocrx_word' id='word_1_61' title='bbox 693 1224 748 1275; x_wconf 90' lang='lat' dir='ltr'>in</span> <span class='ocrx_word' id='word_1_62' title='bbox 798 1226 1012 1277; x_wconf 91' lang='lat' dir='ltr'>mundo</span> <span class='ocrx_word' id='word_1_63' title='bbox 1060 1224 1203 1278; x_wconf 90' lang='lat' dir='ltr'>forte</span> <span class='ocrx_word' id='word_1_64' title='bbox 1251 1227 1647 1294; x_wconf 89' lang='lat' dir='ltr'>reperirentur,</span> <span class='ocrx_word' id='word_1_65' title='bbox 1698 1227 1927 1295; x_wconf 89' lang='lat' dir='ltr'>quando</span> <span class='ocrx_word' id='word_1_66' title='bbox 1974 1225 2096 1294; x_wconf 89' lang='lat' dir='ltr'>ejus</span> <span class='ocrx_word' id='word_1_67' title='bbox 2149 1232 2326 1277; x_wconf 88' lang='lat' dir='ltr'>statu·</span> <span class='ocrx_word' id='word_1_68' title='bbox 2402 1229 2404 1231; x_wconf 81' lang='grc'><strong>’</strong></span> 
     </span>
     <span class='ocr_line' id='line_1_11' title="bbox 691 1309 2329 1379; baseline 0.001 -19"><span class='ocrx_word' id='word_1_69' title='bbox 691 1317 782 1361; x_wconf 92' lang='lat' dir='ltr'>tus</span> <span class='ocrx_word' id='word_1_70' title='bbox 860 1309 1183 1363; x_wconf 89' lang='lat' dir='ltr'>imminebit</span> <span class='ocrx_word' id='word_1_71' title='bbox 1261 1311 1407 1373; x_wconf 83' lang='lat' dir='ltr'>finis,</span> <span class='ocrx_word' id='word_1_72' title='bbox 1478 1311 1629 1364; x_wconf 89' lang='lat' dir='ltr'>haud</span> <span class='ocrx_word' id='word_1_73' title='bbox 1696 1319 1781 1364; x_wconf 93' lang='lat' dir='ltr'>est</span> <span class='ocrx_word' id='word_1_74' title='bbox 1847 1312 2165 1379; x_wconf 89' lang='lat' dir='ltr'>putandum</span> <span class='ocrx_word' id='word_1_75' title='bbox 2231 1326 2329 1362; x_wconf 89' lang='lat' dir='ltr'>eos</span> 
     </span>
     <span class='ocr_line' id='line_1_12' title="bbox 691 1395 2330 1465; baseline 0.001 -19"><span class='ocrx_word' id='word_1_76' title='bbox 691 1395 834 1447; x_wconf 89' lang='lat' dir='ltr'>citra</span> <span class='ocrx_word' id='word_1_77' title='bbox 888 1406 1129 1449; x_wconf 92' lang='lat' dir='ltr'>mortem</span> <span class='ocrx_word' id='word_1_78' title='bbox 1177 1397 1606 1450; x_wconf 88' lang='lat' dir='ltr'>transferendos</span> <span class='ocrx_word' id='word_1_79' title='bbox 1655 1398 1712 1449; x_wconf 91' lang='lat' dir='ltr'>in</span> <span class='ocrx_word' id='word_1_80' title='bbox 1761 1405 2048 1465; x_wconf 88' lang='lat' dir='ltr'>speratam</span> <span class='ocrx_word' id='word_1_81' title='bbox 2096 1405 2151 1449; x_wconf 91' lang='lat' dir='ltr'>et</span> <span class='ocrx_word' id='word_1_82' title='bbox 2205 1414 2330 1464; x_wconf 88' lang='lat' dir='ltr'>pro-</span> 
     </span>
     <span class='ocr_line' id='line_1_13' title="bbox 693 1480 2327 1549; baseline 0.004 -19"><span class='ocrx_word' id='word_1_83' title='bbox 693 1480 954 1531; x_wconf 85' lang='lat' dir='ltr'>meritam</span> <span class='ocrx_word' id='word_1_84' title='bbox 1005 1481 1140 1549; x_wconf 91' lang='lat' dir='ltr'>ipsis</span> <span class='ocrx_word' id='word_1_85' title='bbox 1184 1482 1541 1535; x_wconf 88' lang='lat' dir='ltr'>felicitatem:</span> <span class='ocrx_word' id='word_1_86' title='bbox 1588 1501 1784 1534; x_wconf 88' lang='lat' dir='ltr'>verum</span> <span class='ocrx_word' id='word_1_87' title='bbox 1829 1482 1865 1532; x_wconf 91' lang='lat' dir='ltr'>ii</span> <span class='ocrx_word' id='word_1_88' title='bbox 1911 1497 2136 1549; x_wconf 88' lang='lat' dir='ltr'>quoque</span> <span class='ocrx_word' id='word_1_89' title='bbox 2182 1499 2327 1536; x_wconf 85' lang='lat' dir='ltr'>mor-</span> 
     </span>
     <span class='ocr_line' id='line_1_14' title="bbox 691 1567 2327 1635; baseline 0.001 -19"><span class='ocrx_word' id='word_1_90' title='bbox 691 1572 809 1616; x_wconf 90' lang='lat' dir='ltr'>tem</span> <span class='ocrx_word' id='word_1_91' title='bbox 862 1567 1017 1634; x_wconf 91' lang='lat' dir='ltr'>prius</span> <span class='ocrx_word' id='word_1_92' title='bbox 1069 1570 1396 1635; x_wconf 88' lang='lat' dir='ltr'>gustabunt,</span> <span class='ocrx_word' id='word_1_93' title='bbox 1452 1586 1518 1620; x_wconf 87' lang='lat' dir='ltr'>ac</span> <span class='ocrx_word' id='word_1_94' title='bbox 1571 1569 1650 1620; x_wconf 91' lang='lat' dir='ltr'>sic</span> <span class='ocrx_word' id='word_1_95' title='bbox 1716 1586 1845 1619; x_wconf 90' lang='lat' dir='ltr'>cum</span> <span class='ocrx_word' id='word_1_96' title='bbox 1912 1568 2133 1619; x_wconf 89' lang='lat' dir='ltr'>caeteris</span> <span class='ocrx_word' id='word_1_97' title='bbox 2194 1568 2327 1618; x_wconf 87' lang='lat' dir='ltr'>vitae</span> 
     </span>
     <span class='ocr_line' id='line_1_15' title="bbox 694 1653 2326 1724; baseline 0.001 -20"><span class='ocrx_word' id='word_1_98' title='bbox 694 1653 918 1716; x_wconf 91' lang='lat' dir='ltr'>redditi,</span> <span class='ocrx_word' id='word_1_99' title='bbox 975 1655 1398 1724; x_wconf 83' lang='lat' dir='ltr'>suisquisque,</span> <span class='ocrx_word' id='word_1_100' title='bbox 1455 1656 1671 1708; x_wconf 89' lang='lat' dir='ltr'>iisdem·</span> <span class='ocrx_word' id='word_1_101' title='bbox 1711 1673 1836 1723; x_wconf 88' lang='lat' dir='ltr'>quae</span> <span class='ocrx_word' id='word_1_102' title='bbox 1903 1655 2058 1723; x_wconf 90' lang='lat' dir='ltr'>prius</span> <span class='ocrx_word' id='word_1_103' title='bbox 2118 1654 2326 1706; x_wconf 90' lang='lat' dir='ltr'>habue-</span> 
     </span>
     <span class='ocr_line' id='line_1_16' title="bbox 694 1742 2327 1810; baseline 0.001 -20"><span class='ocrx_word' id='word_1_104' title='bbox 694 1747 839 1801; x_wconf 85' lang='lat' dir='ltr'>rant,</span> <span class='ocrx_word' id='word_1_105' title='bbox 889 1742 1219 1808; x_wconf 87' lang='lat' dir='ltr'>corporibus</span> <span class='ocrx_word' id='word_1_106' title='bbox 1262 1743 1585 1810; x_wconf 87' lang='lat' dir='ltr'>resumptis,</span> <span class='ocrx_word' id='word_1_107' title='bbox 1632 1744 1731 1794; x_wconf 94' lang='lat' dir='ltr'>sed</span> <span class='ocrx_word' id='word_1_108' title='bbox 1775 1760 1875 1810; x_wconf 88' lang='lat' dir='ltr'>per</span> <span class='ocrx_word' id='word_1_109' title='bbox 1917 1743 2116 1793; x_wconf 86' lang='lat' dir='ltr'>beatas</span> <span class='ocrx_word' id='word_1_110' title='bbox 2164 1742 2327 1792; x_wconf 89' lang='lat' dir='ltr'>dotes</span> 
     </span>
     <span class='ocr_line' id='line_1_17' title="bbox 697 1826 2329 1890; baseline 0.001 -12"><span class='ocrx_word' id='word_1_111' title='bbox 697 1826 753 1878; x_wconf 90' lang='lat' dir='ltr'>in</span> <span class='ocrx_word' id='word_1_112' title='bbox 819 1836 1032 1879; x_wconf 91' lang='lat' dir='ltr'>statum</span> <span class='ocrx_word' id='word_1_113' title='bbox 1099 1828 1420 1881; x_wconf 88' lang='lat' dir='ltr'>reformatis</span> <span class='ocrx_word' id='word_1_114' title='bbox 1486 1829 1795 1890; x_wconf 89' lang='lat' dir='ltr'>meliorem,</span> <span class='ocrx_word' id='word_1_115' title='bbox 1870 1828 2194 1881; x_wconf 88' lang='lat' dir='ltr'>transibunt</span> <span class='ocrx_word' id='word_1_116' title='bbox 2274 1827 2329 1879; x_wconf 89' lang='lat' dir='ltr'>in</span> 
     </span>
     <span class='ocr_line' id='line_1_18' title="bbox 700 1915 1620 1982; baseline 0.003 -17"><span class='ocrx_word' id='word_1_117' title='bbox 700 1921 910 1966; x_wconf 87' lang='lat' dir='ltr'>sortem</span> <span class='ocrx_word' id='word_1_118' title='bbox 966 1916 1261 1982; x_wconf 80' lang='lat' dir='ltr'>promissae</span> <span class='ocrx_word' id='word_1_119' title='bbox 1315 1915 1620 1969; x_wconf 76' lang='lat' dir='ltr'>felicitatis,</span> 
     </span>
    </p>

    <p class='ocr_par' dir='ltr' id='par_1_3' title="bbox 701 2002 2347 2925">
     <span class='ocr_line' id='line_1_19' title="bbox 776 2002 2337 2075; baseline -0.001 -20"><span class='ocrx_word' id='word_1_120' title='bbox 776 2003 842 2055; x_wconf 93' lang='lat' dir='ltr'>In</span> <span class='ocrx_word' id='word_1_121' title='bbox 896 2002 1046 2057; x_wconf 91' lang='lat' dir='ltr'>hunc</span> <span class='ocrx_word' id='word_1_122' title='bbox 1100 2004 1334 2057; x_wconf 90' lang='lat' dir='ltr'>modum</span> <span class='ocrx_word' id='word_1_123' title='bbox 1391 2002 1623 2058; x_wconf 87' lang='lat' dir='ltr'>Christo</span> <span class='ocrx_word' id='word_1_124' title='bbox 1675 2005 1811 2075; x_wconf 90' lang='lat' dir='ltr'>Jesu</span> <span class='ocrx_word' id='word_1_125' title='bbox 1879 2003 1965 2056; x_wconf 70' lang='lat' dir='ltr'>ad&#39;</span> <span class='ocrx_word' id='word_1_126' title='bbox 2007 2018 2337 2073; x_wconf 90' lang='lat' dir='ltr'>supremum</span> 
     </span>
     <span class='ocr_line' id='line_1_20' title="bbox 701 2093 2336 2160; baseline -0.001 -18"><span class='ocrx_word' id='word_1_127' title='bbox 701 2095 1076 2143; x_wconf 82' lang='lat' dir='ltr'>exercendum</span> <span class='ocrx_word' id='word_1_128' title='bbox 1126 2094 1403 2160; x_wconf 88' lang='lat' dir='ltr'>judicium</span> <span class='ocrx_word' id='word_1_129' title='bbox 1460 2112 1488 2143; x_wconf 93' lang='lat' dir='ltr'>e</span> <span class='ocrx_word' id='word_1_130' title='bbox 1542 2093 1701 2144; x_wconf 90' lang='lat' dir='ltr'>coelis</span> <span class='ocrx_word' id='word_1_131' title='bbox 1755 2094 2157 2153; x_wconf 87' lang='lat' dir='ltr'>descendente,</span> <span class='ocrx_word' id='word_1_132' title='bbox 2221 2109 2336 2140; x_wconf 91' lang='lat' dir='ltr'>om-</span> 
     </span>
     <span class='ocr_line' id='line_1_21' title="bbox 704 2176 2337 2245; baseline -0.001 -18"><span class='ocrx_word' id='word_1_133' title='bbox 704 2194 804 2227; x_wconf 91' lang='lat' dir='ltr'>nes</span> <span class='ocrx_word' id='word_1_134' title='bbox 857 2195 888 2228; x_wconf 94' lang='lat' dir='ltr'>a</span> <span class='ocrx_word' id='word_1_135' title='bbox 941 2179 1125 2245; x_wconf 89' lang='lat' dir='ltr'>primo</span> <span class='ocrx_word' id='word_1_136' title='bbox 1179 2180 1250 2229; x_wconf 91' lang='lat' dir='ltr'>ad</span> <span class='ocrx_word' id='word_1_137' title='bbox 1305 2179 1568 2230; x_wconf 91' lang='lat' dir='ltr'>ultimum</span> <span class='ocrx_word' id='word_1_138' title='bbox 1623 2178 1902 2239; x_wconf 91' lang='lat' dir='ltr'>homines,</span> <span class='ocrx_word' id='word_1_139' title='bbox 1971 2176 2126 2244; x_wconf 90' lang='lat' dir='ltr'>prius</span> <span class='ocrx_word' id='word_1_140' title='bbox 2194 2193 2337 2226; x_wconf 89' lang='lat' dir='ltr'>mor-</span> 
     </span>
     <span class='ocr_line' id='line_1_22' title="bbox 701 2261 2339 2333; baseline -0.002 -17"><span class='ocrx_word' id='word_1_141' title='bbox 701 2264 801 2330; x_wconf 89' lang='lat' dir='ltr'>tui,</span> <span class='ocrx_word' id='word_1_142' title='bbox 859 2274 1170 2333; x_wconf 84' lang='lat' dir='ltr'>resurgent,</span> <span class='ocrx_word' id='word_1_143' title='bbox 1228 2283 1427 2317; x_wconf 91' lang='lat' dir='ltr'>omnes</span> <span class='ocrx_word' id='word_1_144' title='bbox 1482 2265 1552 2316; x_wconf 93' lang='lat' dir='ltr'>ab</span> <span class='ocrx_word' id='word_1_145' title='bbox 1619 2283 1685 2316; x_wconf 94' lang='lat' dir='ltr'>eo</span> <span class='ocrx_word' id='word_1_146' title='bbox 1747 2263 2175 2332; x_wconf 88' lang='lat' dir='ltr'>judicabuntur,</span> <span class='ocrx_word' id='word_1_147' title='bbox 2243 2261 2339 2313; x_wconf 92' lang='lat' dir='ltr'>bo-</span> 
     </span>
     <span class='ocr_line' id='line_1_23' title="bbox 703 2349 2334 2420; baseline -0.004 -16"><span class='ocrx_word' id='word_1_148' title='bbox 703 2351 759 2404; x_wconf 92' lang='lat' dir='ltr'>ni</span> <span class='ocrx_word' id='word_1_149' title='bbox 813 2351 1024 2420; x_wconf 89' lang='lat' dir='ltr'>pariter</span> <span class='ocrx_word' id='word_1_150' title='bbox 1075 2359 1130 2405; x_wconf 91' lang='lat' dir='ltr'>et</span> <span class='ocrx_word' id='word_1_151' title='bbox 1185 2352 1344 2405; x_wconf 90' lang='lat' dir='ltr'>mali:</span> <span class='ocrx_word' id='word_1_152' title='bbox 1400 2369 1596 2404; x_wconf 89' lang='lat' dir='ltr'>verum</span> <span class='ocrx_word' id='word_1_153' title='bbox 1651 2350 1865 2419; x_wconf 80' lang='lat' dir='ltr'>ingenti</span> <span class='ocrx_word' id='word_1_154' title='bbox 1932 2358 1986 2402; x_wconf 92' lang='lat' dir='ltr'>et</span> <span class='ocrx_word' id='word_1_155' title='bbox 2054 2349 2110 2400; x_wconf 91' lang='lat' dir='ltr'>in</span> <span class='ocrx_word' id='word_1_156' title='bbox 2165 2365 2334 2400; x_wconf 91' lang='lat' dir='ltr'>omne</span> 
     </span>
     <span class='ocr_line' id='line_1_24' title="bbox 704 2434 2340 2506; baseline -0.003 -17"><span class='ocrx_word' id='word_1_157' title='bbox 704 2439 973 2506; x_wconf 91' lang='lat' dir='ltr'>deinceps</span> <span class='ocrx_word' id='word_1_158' title='bbox 1040 2458 1221 2491; x_wconf 82' lang='lat' dir='ltr'>aevum</span> <span class='ocrx_word' id='word_1_159' title='bbox 1289 2437 1631 2490; x_wconf 89' lang='lat' dir='ltr'>immutabili</span> <span class='ocrx_word' id='word_1_160' title='bbox 1697 2436 2043 2499; x_wconf 87' lang='lat' dir='ltr'>discrimine,</span> <span class='ocrx_word' id='word_1_161' title='bbox 2099 2435 2206 2486; x_wconf 89' lang='lat' dir='ltr'>illis</span> <span class='ocrx_word' id='word_1_162' title='bbox 2271 2434 2340 2485; x_wconf 87' lang='lat' dir='ltr'>ad</span> 
     </span>
     <span class='ocr_line' id='line_1_25' title="bbox 704 2524 2340 2592; baseline -0.003 -15"><span class='ocrx_word' id='word_1_163' title='bbox 704 2525 992 2592; x_wconf 86' lang='lat' dir='ltr'>gaudium,</span> <span class='ocrx_word' id='word_1_164' title='bbox 1073 2525 1159 2578; x_wconf 90' lang='lat' dir='ltr'>his</span> <span class='ocrx_word' id='word_1_165' title='bbox 1237 2527 1308 2579; x_wconf 93' lang='lat' dir='ltr'>ad</span> <span class='ocrx_word' id='word_1_166' title='bbox 1387 2525 1622 2578; x_wconf 81' lang='lat' dir='ltr'>exitium</span> <span class='ocrx_word' id='word_1_167' title='bbox 1688 2524 2078 2592; x_wconf 83' lang='lat' dir='ltr'>gemitumque</span> <span class='ocrx_word' id='word_1_168' title='bbox 2144 2537 2340 2590; x_wconf 91' lang='lat' dir='ltr'>perpe-</span> 
     </span>
     <span class='ocr_line' id='line_1_26' title="bbox 705 2609 2337 2677; baseline -0.005 -13"><span class='ocrx_word' id='word_1_169' title='bbox 705 2620 867 2665; x_wconf 91' lang='lat' dir='ltr'>tuum</span> <span class='ocrx_word' id='word_1_170' title='bbox 921 2613 1261 2665; x_wconf 89' lang='lat' dir='ltr'>transituris.</span> <span class='ocrx_word' id='word_1_171' title='bbox 1321 2614 1488 2663; x_wconf 90' lang='lat' dir='ltr'>Hanc</span> <span class='ocrx_word' id='word_1_172' title='bbox 1546 2613 1791 2662; x_wconf 81' lang='lat' dir='ltr'>Sanctus</span> <span class='ocrx_word' id='word_1_173' title='bbox 1860 2609 2153 2677; x_wconf 88' lang='lat' dir='ltr'>Philippus</span> <span class='ocrx_word' id='word_1_174' title='bbox 2213 2624 2337 2675; x_wconf 93' lang='lat' dir='ltr'>pro-</span> 
     </span>
     <span class='ocr_line' id='line_1_27' title="bbox 706 2694 2343 2767; baseline -0.005 -15"><span class='ocrx_word' id='word_1_175' title='bbox 706 2701 874 2752; x_wconf 87' lang='lat' dir='ltr'>fitens</span> <span class='ocrx_word' id='word_1_176' title='bbox 950 2701 1268 2763; x_wconf 87' lang='lat' dir='ltr'>veritatem,</span> <span class='ocrx_word' id='word_1_177' title='bbox 1349 2700 1519 2751; x_wconf 81' lang='lat' dir='ltr'>dixit:</span> <span class='ocrx_word' id='word_1_178' title='bbox 1589 2699 1758 2750; x_wconf 73' lang='lat' dir='ltr'>Credo</span> <span class='ocrx_word' id='word_1_179' title='bbox 1810 2699 1867 2748; x_wconf 76' lang='lat' dir='ltr'>in</span> <span class='ocrx_word' id='word_1_180' title='bbox 1918 2699 2109 2767; x_wconf 78' lang='lat' dir='ltr'>Jesum</span> <span class='ocrx_word' id='word_1_181' title='bbox 2163 2694 2343 2746; x_wconf 74' lang='lat' dir='ltr'>Chris-</span> 
     </span>
     <span class='ocr_line' id='line_1_28' title="bbox 708 2783 2347 2852; baseline -0.004 -13"><span class='ocrx_word' id='word_1_182' title='bbox 708 2793 817 2839; x_wconf 78' lang='lat' dir='ltr'>tum</span> <span class='ocrx_word' id='word_1_183' title='bbox 893 2807 916 2839; x_wconf 79' lang='lat' dir='ltr'>e</span> <span class='ocrx_word' id='word_1_184' title='bbox 992 2786 1112 2838; x_wconf 80' lang='lat' dir='ltr'>coelo</span> <span class='ocrx_word' id='word_1_185' title='bbox 1214 2791 1486 2838; x_wconf 69' lang='lat' dir='ltr'>venturum</span> <span class='ocrx_word' id='word_1_186' title='bbox 1562 2785 1630 2837; x_wconf 74' lang='lat' dir='ltr'>ad</span> <span class='ocrx_word' id='word_1_187' title='bbox 1696 2784 2016 2852; x_wconf 76' lang='lat' dir='ltr'>judicandos</span> <span class='ocrx_word' id='word_1_188' title='bbox 2083 2783 2225 2834; x_wconf 78' lang='lat' dir='ltr'>vivos</span> <span class='ocrx_word' id='word_1_189' title='bbox 2302 2784 2347 2831; x_wconf 78' lang='lat' dir='ltr'>et</span> 
     </span>
     <span class='ocr_line' id='line_1_29' title="bbox 708 2883 952 2925; baseline 0 -1"><span class='ocrx_word' id='word_1_190' title='bbox 708 2883 952 2925; x_wconf 68' lang='lat' dir='ltr'>mortuos.</span> 
     </span>
    </p>

    <p class='ocr_par' dir='ltr' id='par_1_4' title="bbox 711 2957 2350 3209">
     <span class='ocr_line' id='line_1_30' title="bbox 783 2957 2345 3028; baseline -0.008 -14"><span class='ocrx_word' id='word_1_191' title='bbox 783 2962 1027 3028; x_wconf 72' lang='lat' dir='ltr'>Quando</span> <span class='ocrx_word' id='word_1_192' title='bbox 1075 2960 1367 3012; x_wconf 88' lang='lat' dir='ltr'>christiani</span> <span class='ocrx_word' id='word_1_193' title='bbox 1416 2959 1598 3011; x_wconf 90' lang='lat' dir='ltr'>crucis</span> <span class='ocrx_word' id='word_1_194' title='bbox 1645 2958 1828 3009; x_wconf 87' lang='lat' dir='ltr'>forma</span> <span class='ocrx_word' id='word_1_195' title='bbox 1876 2974 1979 3007; x_wconf 88' lang='lat' dir='ltr'>nos</span> <span class='ocrx_word' id='word_1_196' title='bbox 2038 2957 2345 3024; x_wconf 77' lang='lat' dir='ltr'>signamu5‚</span> 
     </span>
     <span class='ocr_line' id='line_1_31' title="bbox 711 3039 2346 3109; baseline -0.004 -11"><span class='ocrx_word' id='word_1_197' title='bbox 711 3047 1087 3099; x_wconf 76' lang='lat' dir='ltr'>sanctissimae</span> <span class='ocrx_word' id='word_1_198' title='bbox 1167 3045 1468 3098; x_wconf 87' lang='lat' dir='ltr'>Trinitatis</span> <span class='ocrx_word' id='word_1_199' title='bbox 1546 3044 1718 3097; x_wconf 89' lang='lat' dir='ltr'>fidem</span> <span class='ocrx_word' id='word_1_200' title='bbox 1810 3051 2028 3096; x_wconf 83' lang='lat' dir='ltr'>certam</span> <span class='ocrx_word' id='word_1_201' title='bbox 2121 3039 2346 3109; x_wconf 77' lang='lat' dir='ltr'>profite-</span> 
     </span>
     <span class='ocr_line' id='line_1_32' title="bbox 713 3131 2350 3209; baseline -0.008 -20"><span class='ocrx_word' id='word_1_202' title='bbox 713 3154 854 3190; x_wconf 82' lang='lat' dir='ltr'>mur,</span> <span class='ocrx_word' id='word_1_203' title='bbox 914 3137 979 3191; x_wconf 89' lang='lat' dir='ltr'>Id</span> <span class='ocrx_word' id='word_1_204' title='bbox 1022 3134 1356 3209; x_wconf 77' lang='lat' dir='ltr'>mysterium</span> <span class='ocrx_word' id='word_1_205' title='bbox 1401 3132 1727 3207; x_wconf 86' lang='lat' dir='ltr'>hujusmodi</span> <span class='ocrx_word' id='word_1_206' title='bbox 1772 3140 1884 3182; x_wconf 88' lang='lat' dir='ltr'>est:</span> <span class='ocrx_word' id='word_1_207' title='bbox 1943 3131 2132 3184; x_wconf 86' lang='lat' dir='ltr'>Deum</span> <span class='ocrx_word' id='word_1_208' title='bbox 2173 3137 2350 3180; x_wconf 86' lang='lat' dir='ltr'>unum</span> 
     </span>
    </p>
   </div>
   <div class='ocr_carea' id='block_1_3' title="bbox 0 0 2692 3907">
    <p class='ocr_par' dir='ltr' id='par_1_5' title="bbox 0 0 2692 3907">
     <span class='ocr_line' id='line_1_33' title="bbox 0 0 2692 3907; baseline 0 0"><span class='ocrx_word' id='word_1_209' title='bbox 0 0 2692 3907; x_wconf 95' lang='lat' dir='ltr'> </span> 
     </span>
    </p>
   </div>
  </div>
 </body>
</html>
