2692 3907
720 350 828 400 230
895 349 1078 384 LIBER
1120 348 1477 384 111.—V1TAE
1519 344 1900 383 CHRISTIANAE
1943 341 2247 380 FORMULA.

822 572 1237 631 Animabus
1287 571 1548 631 salutis
1604 578 1904 630 aeternae
1955 566 2256 646 cupidis

814 829 984 879 VITAE
1033 843 1397 878 CHRISTIANE
1440 843 1511 878 AC
1558 842 1783 877 SANCTE
1828 838 2271 875 TRANSIGENDAE

1390 935 1694 972 FORMULA.

736 1083 1321 1226 CHR1sT1ANUs
1376 1088 1470 1155 qui
1521 1088 1666 1139 ultra
1714 1088 1941 1139 inanem
1990 1086 2359 1155 nuncupatio-

901 1192 1030 1227 nem
1092 1175 1267 1237 verbi‚
1329 1175 1502 1228 talem
1557 1192 1615 1227 se
1669 1183 1940 1242 praestare
1997 1173 2195 1226 solidis
2247 1173 2360 1226 offi-

725 1260 827 1314 ciis
888 1260 1115 1328 satagit,
1180 1281 1347 1313 mane
1408 1280 1537 1313 cum
1601 1263 1848 1329 primum
1915 1261 2162 1328 evigilat,
2229 1261 2361 1311 arri-

724 1354 820 1415 gat
873 1347 1129 1399 animum
1183 1349 1254 1400 ad
1307 1348 1416 1400 tria
1469 1349 1733 1418 quaedam
1787 1348 2026 1416 agenda,
2084 1348 2215 1400 Deo
2261 1346 2360 1399 im-

725 1435 923 1504 primis
985 1443 1041 1488 et
1104 1436 1296 1489 debita
1349 1443 1404 1488 et
1457 1443 1636 1503 grata.
1695 1435 1948 1487 Primum
2003 1442 2088 1487 est
2145 1433 2360 1486 confes-

726 1522 810 1573 sio
889 1530 944 1574 et
1029 1523 1288 1574 adoratio
1372 1524 1750 1575 sanctissimae
1842 1523 2160 1586 Trinitatis,
2256 1522 2361 1574 Dei

725 1610 892 1660 unius
957 1611 1013 1660 in
1079 1619 1299 1674 natura,
1368 1612 1424 1662 in
1490 1610 1749 1678 personis
1823 1608 1977 1663 trini.
2054 1607 2365 1662 Character

726 1704 811 1750 est
890 1696 1316 1760 christianismi,
1395 1697 1612 1766 agnitio
1689 1706 1743 1749 et
1823 1696 2114 1749 veneratio
2190 1695 2362 1749 trium

728 1784 1049 1836 divinarum
1127 1786 1505 1836 Personarum
1572 1786 1629 1836 in
1695 1803 1807 1836 una
1873 1785 2138 1847 essentia,
2203 1783 2364 1852 cujus

727 1873 958 1942 quidem
1022 1874 1207 1926 officio
1259 1873 1645 1942 professionis,
1702 1872 1846 1940 signi
1907 1871 2089 1925 crucis
2142 1891 2362 1941 expres-

728 1958 886 2011 sione
949 1977 1078 2011 cum
1143 1959 1432 2012 mentione
1485 1960 1668 2012 Patris
1716 1969 1770 2012 et
1828 1961 1956 2012 Filii
2010 1968 2064 2013 et
2121 1960 2365 2028 Spiritus

728 2046 929 2110 sancti,
994 2055 1160 2116 prout
1223 2065 1355 2101 suos
1408 2048 1553 2101 filios
1608 2049 1774 2102 docet
1840 2047 2116 2110 Ecclesia,
2173 2045 2365 2099 defun-

727 2133 939 2201 gimur:
1005 2136 1051 2186 si
1112 2142 1307 2187 tamen
1370 2144 1424 2188 et
1488 2154 1690 2188 manus
1757 2144 1977 2188 motum
2042 2144 2096 2188 et
2162 2153 2364 2188 sonum

727 2221 933 2290 linguae
986 2241 1237 2292 congrua
1290 2225 1511 2278 devotae
1567 2224 1774 2277 mentis
1828 2224 2147 2278 attentione
2195 2222 2365 2278 comi·

728 2319 936 2363 tamur.
1014 2313 1304 2380 Consigna
1359 2330 1511 2380 ergo,
1570 2311 1765 2365 statim
1824 2330 1890 2364 ac
1946 2310 2365 2380 expergisceriS,

728 2395 973 2449 frontem
1004 2405 1059 2449 et
1112 2407 1329 2465 pectus,
1395 2399 1633 2449 solemni
1693 2400 1860 2449 simul
1929 2399 2150 2467 prolata
2214 2399 2366 2449 invo-

728 2484 953 2536 catione
1014 2486 1332 2548 Trinitatis,
1387 2485 1670 2554 profunda
1723 2485 2068 2537 demissione
2122 2483 2365 2553 religiosi

728 2570 922 2634 animi,
1001 2573 1247 2635 Patrem,
1318 2573 1545 2636 Filium,
1614 2582 1669 2626 et
1738 2573 2013 2641 Spiritum
2082 2580 2364 2632 sanctum,

729 2675 905 2710 unum
962 2666 1258 2722 aeternum,
1316 2660 1791 2728 omnipotentem,
1851 2678 2074 2711 summe
2130 2660 2363 2719 bonum,

730 2746 976 2799 adorans
1032 2748 1238 2801 Deum.

801 2833 1056 2884 Alterum
1110 2836 1181 2885 ab
1235 2835 1342 2886 hoc
1396 2844 1480 2887 est
1533 2836 1706 2887 trium
1761 2834 2209 2902 theologicarum
2257 2832 2364 2883 vir-

726 2928 916 2974 tutum
983 2923 1332 2987 exercitium,
1401 2941 1514 2992 quo
1579 2922 1732 2977 velut
1798 2921 2080 2991 primitias
2143 2920 2367 2974 diurna-

727 3026 851 3060 rum
942 3009 1233 3062 actionum
1319 3030 1652 3063 consecrare
1737 3011 2015 3073 Creatori,
2104 3018 2159 3063 et
2246 3010 2367 3077 ejus

727 3104 948 3155 mature
1022 3098 1324 3166 conciliare
1397 3105 1512 3169 tam
1582 3098 1652 3150 ad
1720 3097 1913 3152 omnia
1980 3094 2365 3152 necessarium
