2692 3907
825 341 929 410 398
1243 356 1426 391 LIBER
1465 355 1518 390 V.
1538 369 1609 373 -—
1629 355 1923 391 EPISTOLA
1963 354 2040 391 vi.

814 485 1109 549 edissereS,
1149 486 1383 539 modum
1421 486 1848 538 commentandi
1885 493 1939 541 et
1981 486 2179 539 orandi
2220 487 2444 548 trades3

813 572 1079 626 suadebis
1119 572 1311 635 etiam,
1354 578 1415 625 ut
1455 591 1626 640 poena
1667 571 1934 641 quapiam
1977 571 2123 626 ultro
2159 577 2444 641 suscepta,

812 670 951 731 puta
996 662 1215 737 jejunio
1273 669 1370 714 aut
1427 660 1822 730 flagellatione,
1878 680 1937 714 se
1990 661 2176 731 ipsum
2230 661 2302 714 ad
2353 681 2448 714 ve-

812 768 933 802 ram
997 748 1442 803 detestationem
1507 749 1810 802 criminum
1870 749 2068 803 intime
2126 749 2446 817 concipien-

814 838 966 899 dam,
1026 845 1082 889 et
1135 854 1234 905 per
1285 836 1566 904 lacrymas
1619 837 1791 889 etiam
1845 838 2217 905 prodendam,
2267 837 2445 905 juvet.

890 924 1172 976 Praeterea
1223 922 1332 976 hoc
1386 922 1572 990 spatio
1625 923 1865 986 curabis,
1922 931 1982 977 ut
2036 923 2081 976 si
2135 941 2307 992 quam
2362 922 2444 975 in-

808 1011 962 1079 juste
1021 1010 1114 1062 isti
1173 1011 1432 1063 detinent
1492 1012 1748 1063 alienam'
1794 1030 1931 1074 rem,
1988 1010 2235 1063 dominis
2287 1010 2445 1062 resti-

814 1105 1006 1151 tuant:
1057 1097 1102 1150 si
1147 1097 1359 1150 famam
1405 1098 1720 1168 cujuspiam
1767 1098 2051 1161 laeserunt,
2101 1098 2317 1150 dictum
2364 1115 2444 1148 re-

814 1192 1047 1238 vocent:
1110 1185 1155 1237 si
1216 1186 1505 1238 amoribus
1563 1185 1910 1239 inconcessis
1967 1186 2242 1254 implicati
2298 1185 2444 1237 vixe-

814 1280 959 1333 rant,
1005 1270 1288 1338 flagitiosa
1329 1290 1458 1323 cum
1500 1271 1791 1339 quibusvis
1834 1271 2176 1324 commercia
2222 1271 2445 1323 abrum-

814 1367 973 1428 pant,
1034 1358 1478 1429 occasionesque
1525 1359 1645 1429 jam
1700 1378 1851 1413 nunc
1903 1367 2207 1413 amoveant
2259 1358 2446 1428 culpa-

814 1465 958 1498 rum.
1020 1446 1183 1497 Talia
1242 1446 1298 1497 in
1352 1454 1645 1515 posterum
1699 1447 2064 1515 quantumvis
2116 1446 2329 1515 prolixe
2381 1464 2448 1499 ac

816 1534 962 1587 serio
1020 1532 1440 1602 pollicentibUS,
1500 1532 1651 1587 haud
1709 1522 1835 1588 tuto
1895 1534 2142 1588 creditur
2193 1533 2315 1588 sine
2366 1532 2446 1602 pi-

812 1639 1005 1687 gnore.
1057 1621 1175 1671 Fac
1221 1628 1634 1687 repraesentent
1682 1620 1737 1671 in
1785 1628 2144 1673 antecessum
2188 1621 2340 1689 quod
2387 1640 2447 1673 se

813 1706 1169 1774 praestituros
1209 1714 1563 1759 asseverant:
1607 1706 1822 1759 nullum
1863 1715 1948 1760 est
1987 1715 2215 1775 tempus
2258 1706 2446 1775 aptius

813 1792 901 1845 his
945 1792 1161 1856 officiiS,
1208 1811 1379 1862 quam
1424 1792 1757 1845 necessariis
1799 1801 1919 1845 tam
1963 1793 2281 1846 difficilibus
2295 1812 2308 1855 ;
2351 1792 2446 1845 ubi

813 1882 982 1933 ardor
1034 1881 1309 1933 commoti
1363 1881 1538 1931 animi
1592 1881 1883 1944 refrixerit,
1938 1889 1993 1933 et
2047 1881 2321 1933 illecebrae
2368 1880 2444 1932 fa-

813 1967 1059 2019 miliares
1103 1967 1456 2020 male-suada
1496 1967 1794 2020 dulcedine
1835 1968 2049 2020 dudum
2091 1956 2354 2021 assuetos*
2389 1967 2446 2019 in

816 2054 1097 2122 tantisper
1141 2053 1353 2106 omissa
1394 2052 1681 2106 retrahere
1720 2053 1934 2123 flagitia
1974 2053 2269 2123 coeperint,
2311 2052 2447 2106 frus-

811 2150 899 2194 tra
975 2159 1248 2208 reposcas
1313 2141 1724 2209 promissorum
1790 2141 1980 2194 fidem.
2063 2142 2216 2210 Ergo
2292 2148 2448 2193 ante-

814 2245 987 2295 quam
1042 2227 1168 2280 illos
1222 2227 1455 2280 salutari
1486 2228 1796 2281 sententia
1841 2228 2019 2296 culpis
2066 2228 2281 2280 solutos
2327 2244 2444 2279 om-

813 2314 980 2366 nibus
1036 2314 1311 2376 dimittas,
1367 2313 1490 2366 haec
1536 2322 1597 2366 ut
1642 2321 2006 2382 praevertant,
2055 2312 2291 2366 omnino
2333 2312 2443 2365 exi-

811 2418 897 2468 ge.
958 2400 1131 2463 Alias,
1186 2418 1312 2468 quae
1366 2400 1618 2452 humana
1671 2399 1943 2468 fragilitas
1995 2407 2099 2462 est,
2154 2399 2308 2452 brevi
2361 2417 2440 2452 re-

810 2490 1001 2559 lapsos
1044 2489 1101 2540 in
1145 2487 1541 2557 praecipitium,
1587 2508 1620 2540 a
1662 2488 1822 2556 cujus
1864 2487 2077 2541 lubrica
2118 2486 2440 2541 declivitate

811 2596 926 2632 non
964 2579 1102 2631 satis
1139 2595 1235 2630 eos
1272 2578 1437 2646 longe
1474 2579 1858 2640 submoveras,
1898 2577 2170 2629 inutiliter
2204 2576 2438 2628 dolebis.

886 2666 953 2717 In
1007 2663 1194 2718 causis
1247 2663 1392 2717 sacri
1446 2663 1800 2732 poenitentiae
1854 2662 1958 2717 fori
2006 2662 2437 2732 cognoscendiS,

810 2771 946 2805 cave
992 2770 1354 2820 praepropera
1400 2751 1700 2802 severitate
1748 2752 2034 2802 deterreas
2077 2750 2172 2819 qui
2216 2751 2437 2819 detege-

811 2857 868 2893 re
906 2857 1008 2892 sua
1043 2839 1275 2892 vulnera
1313 2845 1635 2907 coeperunt:
1675 2838 2042 2907 quantumvis
2079 2839 2294 2892 atrocia
2327 2854 2438 2891 me-

811 2936 1052 2988 morent,
1109 2945 1224 2978 non
1280 2927 1452 2978 modo
1503 2925 1804 2994 patienter,
1860 2925 1959 2978 sed
2021 2924 2329 2979 clementer
2386 2943 2437 2977 e-

809 3016 948 3069 tiam
992 3014 1275 3076 ausculta3
1326 3014 1461 3083 quin
1496 3014 1771 3083 pudorem
1802 3030 1949 3082 aegre
1977 3012 2281 3065 fatentium
2310 3011 2437 3064 sub-

809 3100 949 3165 leva,
998 3100 1145 3155 ultro
1192 3100 1619 3163 commiseranS,
1655 3116 1759 3153 nec
1788 3099 1979 3153 mirari
2006 3116 2122 3168 prae
2151 3106 2207 3153 te
2235 3098 2436 3161 ferenS,
