2692 3907
149 3552 163 3586 121:
141 3540 156 3542 ἶ
151 3499 163 3521 ,ω
146 3401 163 3493 ..vastam
155 3393 158 3395 .
144 3347 158 3387 ‚02:-
142 3261 157 3333 Αμι-μ.

154 3562 237 3642 {13

762 364 866 432 416
1174 380 1359 417 LIBER
1395 382 1449 417 v.
1468 382 1851 418 —EPISTOLA
1890 381 1968 417 v1.

759 508 917 561 vultu
958 508 1200 561 dicentis
1240 509 1521 561 alacritas,
1565 510 1674 561 His
1717 510 1824 561 Dei
1856 509 2256 561 benedictione
2289 509 2384 560 ad-

755 594 896 663 jutis
959 594 1176 648 artibus
1240 595 1526 648 interdum
1592 595 1967 649 excantantur
2031 594 2385 664 intemperiae

762 682 1218 749 perturbatarum
1284 683 1581 744 mentium,
1640 690 1695 734 et
1734 682 1910 749 *quasi
1975 681 2206 749 quidam
2273 699 2385 749 quo

762 768 1121 833 tenebantur,
1169 767 1419 823 fascinus
1467 768 1718 834 solvitur,
1764 768 1967 823 liberas
2008 767 2127 838 jam
2172 785 2286 832 eaS,
2331 774 2387 822 et

763 856 901 909 recti
954 875 1193 925 capaces
1233 857 1443 909 sinens,
1500 858 1593 910 Sic
1646 858 1948 926 explanata
1991 857 2143 909 velut
2188 856 2280 908 via
2324 857 2384 907 fi-

764 945 965 998 denter
1015 944 1357 1012 ingredienS,
1411 962 1682 1013 promove
1728 945 1799 998 ad
1846 944 2160 1013 perfectum
2215 962 2385 1013 quam

764 1039 929 1101 potes
994 1031 1256 1094 maxime,
1322 1039 1474 1085 totas
1539 1033 1833 1085 effundens
1895 1032 2148 1084 habenas
2200 1031 2388 1084 studio

767 1118 954 1170 Deum
1001 1116 1339 1184 honorandi,
1387 1118 1744 1171 conciliando
1792 1118 1897 1186 ipsi
1944 1136 2137 1170 amore
2184 1135 2251 1170 ac
2295 1135 2384 1170 ve-

765 1203 1057 1257 neratione
1109 1222 1333 1257 summa
1378 1212 1696 1257 creatarum
1743 1205 1814 1257 ad
1861 1224 1990 1257 eum
2037 1203 2387 1272 diligendum

764 1299 820 1345 et
865 1292 1212 1344 laudandum
1261 1293 1556 1345 mentium.

838 1379 1006 1446 Quod
1057 1379 1302 1447 praecepi
1355 1380 1629 1447 superiuS,
1678 1387 1738 1433 ut
1785 1397 1911 1447 quae
1957 1387 2210 1447 peccata,
2259 1396 2386 1446 quae

765 1463 1235 1516 commerciorum
1301 1463 1525 1517 fraudes
1589 1454 1869 1517 Armuziae
1935 1465 2384 1535 frequentantur,

765 1569 795 1605 e
846 1553 1042 1621 peritis
1096 1553 1370 1605 disceres:
1427 1569 1531 1606 nec
1584 1554 1655 1605 ad
1709 1570 1837 1605 eum
1890 1553 2096 1616 locum,
2153 1569 2258 1605 nec
2316 1553 2387 1605 ad

765 1639 874 1693 ista
926 1638 1241 1707 specierum
1283 1638 1471 1706 capita
1517 1639 1826 1707 restringas
1871 1639 2057 1691 velim.
2116 1638 2386 1692 Ubicum-

765 1745 875 1794 que
921 1713 1107 1787 fueris,
1157 1725 1329 1777 etiam
1377 1725 1558 1778 obiter
1603 1735 1659 1778 et
1706 1725 2137 1794 peregrinando,
2183 1744 2216 1776 a
2256 1724 2389 1777 viris

766 1812 930 1864 bonis
999 1819 1055 1864 et
1126 1812 1257 1863 vitae
1335 1812 1655 1864 communis
1731 1812 2148 1878 experientibus
2224 1811 2389 1863 stude

766 1915 991 1965 semper
1049 1915 1218 1965 quam
1282 1896 1639 1949 exactissime
1700 1915 2059 1964 cognoscere,
2119 1914 2234 1949 non
2286 1895 2387 1948 cri-

767 1985 922 2036 mina
980 1984 1180 2047 solum,
1235 1992 1332 2036 aut
1396 1984 1721 2052 rapinarum
1775 1984 1851 2035 ibi
1904 1984 2143 2036 usitatas
2208 1990 2386 2044 artes;

767 2072 866 2125 sed
918 2088 1082 2124 usum
1135 2069 1458 2123 universum
1504 2069 1714 2138 populi,
1761 2069 2156 2138 persuasiones
2200 2068 2388 2137 vulga-

767 2178 873 2223 res,
933 2159 1121 2211 studia
1172 2159 1375 2227 gentis,
1429 2158 1739 2227 peculiares
1791 2157 2037 2227 regionis
2089 2165 2387 2209 consuetu-

767 2247 944 2309 dineS,
994 2246 1226 2299 modum
1274 2245 1578 2314 regiminiS,
1628 2245 1731 2298 fori
1778 2245 2003 2313 stylum,
2051 2244 2234 2320 litium
2281 2244 2387 2297 for-

767 2332 965 2397 mulas,
1019 2332 1499 2402 pragmaticorum
1553 2331 1958 2397 cavillationes,
2012 2330 2389 2402 et-quidquid

765 2420 999 2473 omnino
1040 2421 1096 2472 in
1137 2420 1457 2488 reipublicae
1498 2438 1564 2473 ac
1603 2420 1786 2473 civilis
1833 2420 2124 2473 societatis
2169 2420 2389 2473 ratione

764 2514 1045 2566 versatur;
1102 2505 1240 2557 nihil
1285 2506 1436 2557 enim
1484 2506 1685 2558 horum
1738 2510 1998 2573 (experto
2044 2506 2241 2557 credas
2288 2505 2387 2557 mi-

766 2593 853 2658 hi)
916 2611 1031 2645 non
1090 2593 1225 2645 utile
1283 2593 1428 2645 scitu
1485 2602 1570 2645 est
1636 2594 1857 2645 medico
1921 2593 2261 2657 animorum,
2327 2601 2390 2646 ut

767 2679 880 2733 cito
940 2679 1168 2732 morbos
1226 2678 1519 2746 intelligat,
1580 2678 1741 2731 facile
1798 2678 2049 2731 remedia
2107 2678 2387 2747 expediat,

767 2773 1091 2834 promptam
1146 2782 1369 2832 semper
1410 2783 1476 2816 ac
1530 2774 1788 2833 paratam
1849 2765 2069 2817 cunctis
2123 2783 2387 2817 occuren-

765 2852 908 2906 tium
956 2852 1390 2905 necessitatibus
1443 2870 1609 2920 opem
1656 2851 1863 2904 habeat
1893 2852 1967 2925 *in
2016 2870 2206 2904 manU.

842 2937 995 2989 Hinc
1040 2937 1184 2989 scies
1230 2938 1365 3005 quid
1412 2937 1747 2988 creberrime
1793 2937 1850 2988 in
1895 2936 2264 2989 concionibus
2309 2937 2388 2988 in-

768 3023 1104 3077 culcandum
1183 3024 1273 3087 sit,
1353 3024 1487 3092 quid
1565 3023 1966 3076 confitentibus
2044 3042 2390 3092 magnopere

769 3111 1320 3164 commendandum.
1379 3112 1522 3162 Haec
1566 3117 1622 3162 te
1669 3110 1873 3162 notitia
1920 3111 1991 3161 ad
2037 3110 2391 3178 promiscuos
