2645 3907
1108 376 1290 412 LIBER
1330 376 1417 412 111.
1440 390 1512 396 —
1532 375 1826 412 EPISTOLA
1866 375 1903 412 Ι.

1132 507 1398 569 Domine,

703 679 890 822 SIC
955 683 1124 734 velim
1190 683 1398 735 habeat
1465 684 1736 751 majestas
1799 693 1915 747 tua,
1982 684 2174 753 itaque
2240 702 2320 737 se-

853 789 1000 833 cum,
1047 788 1258 839 quaeSO,
1304 778 1544 839 reputet,
1596 772 1783 823 Deum
1835 771 2148 824 Dominum
2196 789 2320 825 nos-

695 866 847 911 trum
918 858 1021 911 tibi
1091 858 1472 926 potissimum,
1548 877 1664 925 prae
1739 859 1959 912 cunctis
2023 858 2118 927 qui
2192 867 2322 914 sunt

696 946 919 1013 uspiam
974 944 1296 996 christianis
1348 944 1717 1012 principibus,
1772 945 1974 997 harum
2030 945 2321 999 Indiarum

696 1032 996 1102 imperium
1056 1031 1339 1095 tribuisse,
1401 1039 1462 1085 ut
1522 1032 1972 1101 experimentum
2026 1033 2109 1087 tui
2162 1051 2322 1103 cape-

695 1127 798 1183 ret,
853 1119 1231 1187 probaretque
1285 1136 1396 1186 qua
1448 1119 1558 1171 fide
1612 1119 1980 1173 commissum
2032 1121 2322 1190 negotium

696 1225 936 1276 gereres,
1006 1224 1232 1274 quoque
1294 1205 1477 1260 officio
1538 1206 1682 1275 grati
1744 1207 2034 1261 beneficiis
2096 1227 2323 1278 respon-

698 1297 877 1348 dereS.
936 1297 1135 1362 Neque
1188 1296 1243 1346 in
1298 1295 1407 1347 hoc
1459 1303 1579 1348 tam
1634 1304 1941 1364 spectasse,
1997 1304 2057 1350 ut
2109 1298 2323 1366 regium

695 1392 856 1437 tuum
912 1383 1111 1435 fiscum
1167 1383 1373 1436 ditaret
1420 1391 1698 1451 proventu
1751 1384 2128 1452 pretiosorum
2183 1384 2323 1439 fruc-

698 1480 860 1524 tuum
927 1490 963 1522 e·
1020 1471 1184 1522 terris
1270 1471 1492 1533 exteriS,
1568 1479 1624 1523 et
1699 1471 2105 1539 importatione
2172 1491 2324 1541 gazae

698 1558 1027 1626 peregrinae,
1104 1575 1272 1624 quam
1352 1566 1412 1609 ut
1487 1558 1852 1625 suggerendis
1917 1559 2326 1612 ¹occasionibus

699 1644 1056 1697 heroicorum
1132 1644 1409 1706 laborum,
1484 1645 1679 1697 virtuti
1753 1663 1818 1697 ac
1888 1645 2143 1713 religioni
2212 1654 2324 1699 tuae

698 1731 1003 1799 benignam
1059 1731 1358 1782 materiam
1412 1732 1634 1804 offerret
1689 1732 2131 1783 commendandi
2185 1751 2323 1796 sese,

701 1817 1052 1870 adducendis
1117 1817 1237 1869 zelo
1301 1824 1400 1869 tuo
1462 1818 1702 1881 ardenti,
1767 1836 2051 1887 operaque
2111 1836 2212 1887 per
2270 1827 2326 1873 te

698 1903 956 1956 adhibita
1011 1923 1323 1972 gnavorum
1384 1904 1792 1967 ministrorum,
1856 1904 2177 1958 infidelibus
2229 1904 2324 1958 ho-

699 2012 822 2043 rum
894 1999 1181 2043 tractuum
1252 1993 1323 2043 ad
1394 1992 1657 2044 notitiam
1731 1993 2021 2045 Creatoris
2091 2002 2146 2057 et
2219 1995 2324 2046 Re-

700 2079 1015 2146 demptoris
1069 2080 1285 2130 mundi.

770 2169 905 2236 Jure
981 2166 1150 2233 igitur
1223 2184 1289 2217 ac
1360 2167 1562 2218 merito
1636 2167 1891 2235 impense
1961 2168 2325 2219 commendat

701 2252 972 2319 majestas
1033 2259 1131 2303 tua
1193 2252 1260 2303 iis
1324 2251 1471 2318 quos*
1528 2252 1584 2303 in
1647 2251 1750 2304 has
1812 2253 2070 2321 regiones
2127 2252 2323 2314 mittis,

701 2346 761 2389 ut
843 2337 1149 2404 plurimum
1244 2338 1533 2389 elaborent
1619 2338 1675 2388 in
1761 2338 1873 2390 late
1960 2339 2326 2406 propaganda

698 2433 892 2475 nostra
1006 2434 1205 2475 sancta
1298 2426 1426 2486 fide,
1536 2426 1916 2493 religioneque
2023 2426 2323 2493 augenda3

699 2510 1162 2578 quandoquidem
1226 2527 1257 2562 a
1318 2518 1374 2563 te
1436 2510 1701 2579 intelligis
1771 2511 2051 2564 rationem
2125 2509 2323 2579 repeti-

698 2607 888 2650 turum
960 2599 1146 2649 Deum
1217 2597 1415 2649 salutis
1485 2606 1603 2649 tam
1677 2598 1982 2650 multarum
2051 2597 2322 2666 gentium,

698 2702 824 2751 quae
884 2691 1097 2751 paratae
1159 2684 1315 2751 sequi
1372 2684 1523 2734 viam
1580 2684 1891 2747 meliorem,
1953 2685 1997 2736 si
2057 2684 2183 2752 quis
2240 2700 2324 2734 os-

697 2772 915 2832 tendat,
983 2770 1210 2822 interim
1270 2770 1463 2838 inopia
1533 2771 1783 2822 doctoris
1838 2771 1894 2823 in
1954 2771 2120 2824 caecis
2174 2778 2324 2823 tene-

696 2856 812 2908 bris
877 2875 942 2908 ac
1006 2856 1471 2923 gravissimorum
1538 2856 1841 2909 criminum
1917 2858 2196 2920 sordibuS,
2272 2862 2325 2907 et

698 2961 861 2995 suum
934 2944 1268 2994 Creatorem
1345 2942 1612 2994 continue
1688 2943 1999 3007 offendunt,
2072 2951 2127 2997 et
2198 2959 2326 2995 suas

696 3029 803 3097 ipsi
866 3030 1088 3080 animas
1163 3030 1366 3082 misere
1441 3030 1495 3081 in
1568 3039 1844 3086 aeternum
1912 3031 2147 3084 exitium
2205 3048 2324 3100 pre-

697 3116 954 3185 cipitant.
