2645 3907
716 363 819 430 184
1128 376 1312 413 LIBER
1351 375 1846 414 111.—EPISTOLA
1885 375 1923 412 1.

1395 403 1443 463 Q

715 511 872 559 Deus
937 508 1220 558 Dominus
1282 517 1475 560 noster
1532 508 1671 559 mihi
1723 507 1888 559 testis
1941 514 2044 558 est.
2101 505 2233 557 Scio
2286 527 2337 558 e-

712 595 830 646 nim
889 602 1165 662 quantum
1223 595 1354 647 talis
1405 595 1508 647 viri
1562 595 1924 657 desiderium,
1979 601 2193 662 quanta
2244 611 2337 646 ne—

712 680 947 734 cessitas
1000 680 1057 732 in
1110 679 1198 732 his
1251 680 1363 733 oris
1417 681 1508 734 sit.
1544 683 1720 749 'Ergo
1772 688 1834 733 ut
1888 680 2073 733 officio
2119 679 2338 733 satisfa-

711 767 877 829 ciam,
937 774 991 819 et
1060 767 1469 819 conscientiam
1532 786 1637 835 ego
1704 784 1929 835 quoque
1996 784 2183 819 meam
2246 768 2338 819 de-

711 871 960 915 onerem,
1017 853 1145 905 dico
1197 861 1252 905 et
1305 855 1576 921 profiteor
1629 853 1917 921 majestati
1970 860 2103 915 tuae,
2159 853 2337 905 omni-

711 957 785 991 no
847 938 1229 991 necessarium
1295 957 1436 1002 esse,
1500 939 1546 991 si
1611 938 1771 1007 cupis
1827 937 2148 1007 promoveri
2201 937 2336 995 dila-

708 1025 930 1094 tarique
996 1033 1250 1078 nostram
1318 1034 1577 1079 sanctam
1642 1027 1815 1079 fidem
1881 1025 1937 1077 in
2002 1025 2090 1078 his
2158 1026 2336 1079 Indiae

708 1112 1049 1180 regionibUS,
1114 1113 1159 1164 si
1218 1120 1384 1180 optas
1443 1131 1540 1165 eos
1597 1112 1692 1181 qui
1749 1111 2022 1165 Ecclesiae
2070 1112 2191 1180 jam
2245 1130 2336 1180 ag-

706 1200 921 1269 gregati
985 1208 1134 1263 sunt,
1198 1201 1268 1252 ab
1331 1219 1397 1252 ea
1459 1218 1573 1253 non
1635 1199 1817 1264 avelli,
1882 1207 1937 1252 et
2000 1199 2073 1252 ad
2124 1199 2338 1269 patrias

708 1287 1141 1355 superstitiones
1194 1288 1394 1350 redire,
1451 1288 1696 1340 offensos
1742 1305 1808 1340 ac
1855 1287 2155 1340 deterritos
2199 1287 2336 1340 mul-

706 1373 780 1426 tis
833 1373 1052 1442 injuriis
1105 1391 1171 1426 ac
1222 1374 1617 1426 vexationibus
1671 1391 1813 1442 quas
1864 1391 2063 1442 graves
2115 1373 2337 1442 patiun-

707 1469 816 1522 tur,
867 1460 1184 1527 praesertim
1250 1478 1283 1511 a
1350 1460 1625 1511 ministris
1696 1460 2014 1527 majestatis
2077 1466 2211 1522 tuae,
2277 1467 2337 1512 ut

709 1545 820 1598 huc
883 1545 1079 1598 mittas
1147 1545 1485 1598 Michaelem
1549 1546 1808 1608 Vazium,
1873 1545 1961 1598 cui
2015 1545 2159 1598 forte
2211 1563 2336 1613 pec-

708 1639 802 1683 tus
854 1639 909 1683 et
963 1638 1233 1683 constans
1286 1630 1510 1683 animus
1563 1639 1647 1684 est
1701 1631 1772 1683 ad
1826 1630 2170 1683 obstandum
2217 1649 2337 1698 per-

711 1717 1065 1769 secutoribus
1119 1716 1579 1768 christianorum.

785 1805 1060 1874 Quamvis
1138 1805 1440 1873 episcopus
1523 1805 1595 1857 sit
1670 1805 1939 1874 praelatus
2011 1812 2129 1858 tam
2207 1822 2336 1857 con-

711 1899 1012 1945 summatae
1075 1891 1317 1954 virtutiS,
1383 1908 1554 1959 quam
1619 1908 1812 1944 revera
1875 1898 1978 1954 est,
2041 1899 2236 1945 tamen
2298 1892 2336 1943 i-

712 1978 860 2040 dem,
921 1978 1073 2046 quod
1131 1985 1230 2031 tua
1287 1977 1560 2046 majestas
1618 1996 1731 2029 non
1792 1977 2032 2045 ignorat,
2082 1977 2203 2046 jam
2257 1996 2336 2030 se-

712 2066 806 2118 nio
879 2074 1163 2135 gravatur,
1240 2074 1439 2134 totque
1515 2066 1727 2117 morbis
1793 2066 2074 2134 affligitur,
2141 2074 2202 2119 ut
2267 2067 2337 2118 ad

711 2153 932 2205 labores
986 2153 1248 2205 ferendos
1300 2171 1443 2221 quos
1497 2153 1618 2220 ejus
1671 2154 2021 2221 praefecturae
2075 2161 2339 2206 accurata

712 2238 927 2292 functio
990 2257 1245 2291 summos
1307 2239 1362 2291 in
1427 2238 1582 2291 hisce
1635 2239 1891 2306 partibus
1945 2239 2207 2307 injungit,
2262 2240 2337 2292 vi-

713 2326 867 2378 ribus
926 2326 1178 2394 corporis
1236 2325 1606 2387 destituatur;
1668 2334 1978 2394 utcumque
2035 2326 2211 2380 animi
2262 2326 2337 2379 vi-

713 2431 803 2464 res
849 2411 906 2464 in
953 2431 1020 2464 eo
1067 2413 1376 2475 abundent,
1425 2420 1480 2464 et
1528 2413 1584 2463 in
1632 2412 1752 2464 dies
1798 2420 2129 2481 augeantur.
2185 2414 2339 2466 Deus

715 2500 867 2553 enim
943 2519 1070 2553 eum
1146 2508 1309 2554 tanta
1382 2500 1563 2570 gratia
1637 2500 1918 2569 dignatur,
1999 2509 2060 2555 ut
2126 2509 2338 2571 quanto

717 2588 899 2656 magis
957 2588 1013 2639 in
1067 2606 1235 2640 carne
1289 2588 1632 2651 debilitatur,
1687 2596 1849 2641 tanto
1902 2588 2027 2657 plus
2080 2590 2337 2642 corrobo-

716 2683 870 2727 retur
952 2675 1007 2725 in
1095 2674 1333 2743 spiritu:
1431 2693 1542 2742 qua
1624 2673 1766 2726 solet
1847 2676 2107 2727 mercede
2185 2677 2339 2727 Deus

720 2761 1002 2813 Dominus
1087 2769 1280 2813 noster
1364 2761 1710 2812 remunerari
1786 2780 1883 2813 eos
1962 2762 2058 2830 qui
2133 2762 2339 2814 multos

716 2865 898 2900 annos
964 2855 1394 2916 perseverarunt
1461 2847 1518 2897 in
1586 2848 1708 2915 ejus
1775 2848 2066 2917 obsequio,
2126 2848 2338 2917 impen-

717 2934 906 2987 dendo
969 2934 1147 2987 vitam
1212 2941 1268 2987 et
1334 2941 1562 2986 aetatem
1629 2934 1919 2987 universas
1987 2933 2340 2988 exantlandis

716 3020 838 3088 ejus
915 3038 1085 3072 causa
1163 3019 1449 3072 laboribus
1528 3019 1807 3083 maximis,
1888 3039 2183 3090 quousque
2260 3038 2337 3072 re-

717 3107 897 3160 ferant
952 3107 1111 3175 quasi
1174 3106 1401 3174 plenam
1463 3106 1760 3161 victoriam
1824 3108 1894 3162 de
1947 3126 2050 3160 suo
2107 3123 2339 3176 corpore
