2768 3911
664 374 846 411 LIBER
888 374 949 410 ΙΙ.
973 390 1044 395 —-
1066 375 1356 412 EPISTOLA
1399 376 1435 412 Ι.
1802 374 1867 427 59

244 506 482 564 universi
530 522 794 573 magnam
851 523 982 574 erga
1035 523 1138 555 nos
1190 524 1306 573 prae
1360 523 1419 556 se
1474 503 1728 556 ferebant
1774 504 1867 555 be-

243 594 644 653 nevolentiam:
712 610 947 662 nosque,
999 595 1123 645 Deo
1168 596 1312 647 bene
1354 596 1609 664 juvante,
1659 613 1869 663 magna

244 682 492 740 omnium
545 681 838 735 voluntate
885 688 941 735 et
988 682 1374 736 emolumento
1430 683 1679 751 spatium
1734 682 1869 735 illud

245 776 511 826 semestre
552 768 926 821 traduximus

309 859 482 923 Abest
560 856 950 908 Mozambicus
1014 857 1084 909 ab
1152 856 1317 909 India
1380 856 1571 910 leucas
1648 856 1872 910 circiter

246 951 573 1014 nongentaS,
628 943 761 995 hinc
814 952 1024 1013 praetor
1076 944 1131 994 in
1188 945 1411 996 Indiam
1467 963 1700 1014 pergere
1754 963 1870 996 ma·
1914 1008 1924 1019 ,-

244 1035 481 1090 turabat.
567 1034 679 1087 Sed
741 1040 900 1087 erant
963 1040 1194 1102 propter
1256 1033 1389 1086 anni
1444 1041 1674 1104 tempus
1737 1035 1869 1104 aegri
1917 1013 1933 1028 ἐ

245 1120 582 1189 complures:
639 1121 877 1189 proinde
924 1139 1028 1173 nos
1075 1121 1310 1188 rogavit,
1360 1130 1420 1174 ut
1468 1130 1728 1175 nostrum
1773 1122 1869 1174 ali-

246 1215 375 1278 quot
428 1207 484 1259 in
538 1207 720 1260 insula
774 1214 1152 1269 remanerent,
1208 1207 1302 1275 qui
1366 1208 1595 1276 aegrotis
1657 1209 1869 1261 ibidem

245 1294 463 1356 relictiS,
513 1295 666 1362 quod
714 1294 771 1345 in
817 1294 1123 1362 praesentia
1169 1312 1269 1362 per
1314 1294 1701 1348 valetudinem
1756 1313 1870 1349 non

244 1388 469 1450 possent
538 1380 645 1432 iter
714 1379 996 1448 persequi,
1069 1378 1452 1432 subvenirent.
1536 1382 1739 1448 Itaque
1804 1399 1871 1432 ex

244 1467 494 1537 praetoris
524 1466 826 1543 sententia,
859 1466 1067 1518 Paulus
1096 1474 1151 1517 et
1189 1466 1455 1518 Mansilla
1495 1468 1645 1537 apud
1689 1485 1873 1536 aegros

244 1561 583 1616 manserunt,
664 1570 769 1621 ego
847 1561 1149 1621 praetorem
1231 1554 1435 1621 ipsum,
1511 1554 1664 1606 haud
1736 1571 1872 1606 sane

242 1639 534 1703 valentem,
583 1647 812 1694 secutus
859 1658 1003 1704 sum,
1054 1647 1114 1694 ut
1162 1639 1214 1693 si⁴
1254 1638 1398 1693 forte
1441 1639 1870 1709 ingravescente

242 1727 430 1779 morbo
482 1726 708 1794 gravius
760 1726 972 1794 aliquid
1026 1726 1337 1789 incidisset,
1387 1727 1510 1794 ejus
1564 1727 1869 1781 confessio-

243 1832 363 1864 nem
416 1813 691 1864 audirem.
767 1813 1051 1881 Quocirca
1097 1813 1439 1880 jamdudum
1494 1813 1687 1881 appuli
1740 1832 1868 1866 cum

240 1899 324 1949 illo
376 1899 433 1950 in
489 1900 734 1951 Indiam.
803 1899 1002 1950 Socios
1055 1917 1181 1950 cum
1239 1900 1676 1967 navibu5‚*quae
1732 1901 1870 1966 Sep-

240 1985 435 2038 tembri
484 2003 678 2038 mense
736 1986 1095 2038 Mozambico
1141 1993 1396 2039 venturae
1446 1994 1596 2049 sunt,
1646 1986 1702 2038 in
1750 1986 1871 2038 dies

242 2080 495 2138 expecto,

305 2158 549 2225 Quintus
588 2159 707 2226 jam
753 2158 965 2209 mensis
1009 2158 1211 2225 agitur,
1258 2176 1387 2209 cum
1434 2160 1641 2220 Goam‚
1688 2156 1869 2209 Indiae

236 2252 416 2309 caput,
478 2244 874 2312 applicuimus,
944 2246 1070 2297 Goa
1134 2245 1265 2297 urbs
1318 2252 1404 2298 est
1459 2244 1732 2312 praeclara.
1796 2243 1867 2296 ad

238 2339 543 2397 aspectum,
624 2332 825 2385 civitas
904 2340 1026 2385 tota
1105 2331 1569 2385 christianorum.
1660 2332 1726 2383 In
1805 2349 1871 2383 ea

240 2415 741 2482 Franciscanorum
812 2418 1137 2471 coenobium
1205 2426 1289 2471 est
1362 2436 1498 2470 sane
1571 2417 1867 2486 frequens;

239 2504 391 2556 sedes
444 2506 786 2558 cathedralis
834 2506 1173 2574 magnifica,·
1204 2513 1259 2557 et
1308 2506 1718 2557 canonicorum
1766 2504 1869 2556 fre-

240 2593 461 2657 quentia
507 2593 773 2662 insignis;
833 2611 1008 2658 sacrae
1053 2600 1330 2661 praeterea
1377 2593 1529 2644 aedes
1575 2610 1689 2643 non
1733 2610 1869 2660 pau-

239 2693 331 2729 cae.
415 2681 540 2743 Est,
595 2698 694 2732 cur
757 2681 882 2732 Deo
944 2680 1312 2748 gratulemur,
1378 2680 1596 2732 Christi
1661 2697 1870 2731 nomen

239 2762 289 2816 in
333 2773 482 2822 terra
524 2769 668 2823 adeo
711 2768 1021 2838 longinqua
1069 2768 1215 2822 inter
1262 2768 1522 2822 ethnicos
1567 2776 1871 2838 tantopere

239 2849 445 2908 florere.

308 2942 355 2993 E
415 2944 774 2997 Mozambico
814 2943 1071 3013 profecti,
1116 2962 1342 2996 menses
1388 2944 1444 2995 in
1492 2944 1693 2996 itinere
1740 2962 1870 2996 con-

239 3031 578 3097 sumpsimus
632 3034 775 3084 duos
830 3051 1010 3099 eoque
1064 3031 1327 3099 amplius.
1398 3032 1685 3094 Melindae,
1743 3050 1869 3099 quae

238 3114 362 3168 urbs
390 3126 474 3174 est
504 3119 793 3176 maritima
833 3120 1247 3172 Saracenorum
1288 3119 1622 3183 amicorum,
1655 3135 1870 3188 paucos
