2815 3911
1300 95 1340 285 ί

715 402 898 438 LIBER
935 397 1392 462 v.—EP1s.ToLA
1431 401 1511 437 VI.
1819 394 1923 450 395

298 530 466 599 hujus
508 531 719 584 utilitas
760 532 1076 593 ministerii,
1119 550 1222 584 nec
1263 532 1489 584 uberior
1527 549 1595 582 ex
1635 529 1745 581 alio
1787 545 1922 596 quo-

296 617 381 669 vis
445 619 516 670 ad
584 618 690 670 Dei
756 619 1090 686 obsequium
1156 619 1544 686 profectumve
1602 616 1923 669 animarum

298 703 512 757 fructus
558 706 962 772 expectandus.

372 794 437 844 In
497 793 868 845 concionibus
927 811 1061 845 cave
1115 812 1366 862 unquam
1421 809 1708 862 proponas
1761 808 1921 858 argu-

295 886 489 932 menta
546 879 734 941 dubia,
784 880 1081 932 contrariis
1129 880 1395 947 perplexa
1442 877 1743 932 sententiis
1791 877 1922 930 doc-

294 973 500 1017 torum.
563 967 737 1018 Certa
802 974 857 1018 et
922 965 1221 1034 perspicua
1286 964 1441 1034 seligi
1508 970 1733 1033 oportet
1796 982 1922 1032 quae

293 1052 504 1120 populo
561 1054 885 1115 tradantur3
946 1054 1017 1105 ad
1073 1071 1294 1106 morum
1349 1053 1811 1105 informationem
1866 1060 1922 1104 et

293 1137 790 1207 reprehensionem
828 1138 1092 1192 vitiorum
1131 1138 1242 1192 fere
1279 1137 1651 1207 pertinentia:
1688 1138 1921 1190 demon-

293 1233 502 1278 stretur
543 1226 763 1294 peccati
808 1225 1054 1289 foeditaS,
1100 1234 1466 1295 exaggeretur
1511 1225 1784 1277 atrocitas
1829 1224 1921 1276 lae-

292 1330 369 1365 sae
410 1312 479 1365 ab
520 1311 751 1365 homine
792 1312 1016 1380 culpam
1059 1313 1448 1366 consciscente
1490 1329 1770 1379 supremae
1814 1310 1922 1364 Dei

291 1398 625 1467 majestatiS,
674 1398 981 1452 incutiatur
1026 1398 1223 1452 horror
1269 1398 1639 1452 fulminandae
1684 1397 1742 1450 in
1787 1415 1920 1451 con-

289 1487 470 1540 victos
522 1506 648 1539 reos
694 1488 910 1555 judicio
965 1506 1230 1556 supremo
1283 1496 1550 1540 extremae
1598 1486 1920 1538 damnatio-

288 1573 392 1637 niS,
451 1574 717 1642 graphice
776 1575 1154 1643 depingantur
1210 1574 1578 1626 acerbissima
1629 1580 1919 1625 tormenta

288 1666 563 1713 aeternum
617 1660 924 1728 infligenda
971 1661 1214 1714 detrusis
1262 1661 1319 1713 in
1368 1668 1665 1713 tartarum.
1719 1659 1922 1712 Mortis

288 1749 547 1816 denique,
602 1750 917 1817 praesertim
972 1750 1280 1817 inopinatae
1335 1767 1400 1798 ac
1454 1747 1675 1809 subitae,
1732 1754 1921 1797 metus

285 1832 614 1897 intentetur,
671 1835 915 1888 maxime
970 1835 1265 1889 incuriosis
1313 1834 1569 1903 obsequii
1617 1834 1811 1897 divini,
1858 1841 1914 1886 et

286 1922 651 1974 conscientiae
712 1923 1176 1991 gravissimorum
1239 1921 1542 1973 criminum
1605 1920 1920 1973 indormire

286 2009 488 2077 supina
540 2011 883 2079 negligentia
936 2010 1075 2061 nihil
1127 2010 1288 2078 pensi
1342 2009 1702 2060 habentibus,
1761 2010 1918 2059 Inse-

285 2095 461 2148 renda
506 2094 593 2148 his
640 2103 960 2164 opportune
1008 2096 1483 2149 commemoratio
1532 2095 1747 2148 Christi
1796 2112 1917 2147 cru-

285 2180 383 2245 ciS,
431 2181 747 2246 vulnerum,
797 2203 862 2236 ac
910 2183 1129 2246 mortis,
1180 2183 1385 2251 quibus
1434 2190 1629 2236 nostra
1682 2189 1921 2250 peccata

284 2268 551 2336 dignatus
604 2279 688 2322 est
741 2270 911 2322 luere.
969 2271 1079 2321 Sed
1129 2270 1237 2321 hoc
1285 2269 1608 2321 faciendum
1660 2271 1920 2323 oratione

285 2356 579 2408 affectibus
626 2375 797 2424 quam
846 2358 1107 2409 maximis
1156 2358 1408 2419 incensa,
1458 2375 1559 2424 per
1604 2357 1813 2424 figuras
1865 2366 1920 2410 et

285 2441 565 2512 colloquia
617 2444 884 2496 admotus
937 2443 1257 2495 animorum
1315 2443 1549 2495 ciendos
1596 2452 1919 2495 accommo-

284 2531 434 2593 data,
478 2531 682 2598 quibus
723 2532 883 2583 dolor
919 2532 1153 2583 intimus
1191 2533 1260 2581 de
1297 2532 1567 2598 peccatiS,
1608 2532 1680 2581 ob
1722 2533 1912 2582 Deum

283 2631 382 2681 per
433 2633 499 2667 ea
551 2615 768 2678 laesum,
824 2616 1116 2677 excitetur,
1173 2633 1349 2683 usque
1403 2617 1474 2668 ad
1521 2616 1804 2684 lacrymas
1854 2634 1921 2668 ex

284 2700 459 2751 oculis
530 2702 882 2753 audientium
955 2721 1267 2768 expressas,
1341 2702 1713 2769 sequentibus
1786 2701 1919 2754 hinc

282 2787 589 2855 propositis
641 2787 896 2839 eluendae
951 2788 1293 2855 quantocius
1347 2805 1446 2855 per
1498 2787 1916 2840 confessionem

282 2873 666 2935 conscientiae,
746 2873 1339 2940 reconciliationisque
1418 2891 1548 2926 curn
1626 2875 1750 2926 Deo
1821 2891 1923 2941 per

284 2963 661 3014 Eucharistiae
701 2964 1128 3031 perceptionem
1171 2974 1275 3012 rite
1323 2962 1699 3013 celebrandae.
1749 2965 1921 3015 Hanc

281 3064 470 3100 Veram
520 3056 574 3101 et
626 3048 869 3111 unicam,
920 3066 1089 3116 quam
1140 3048 1367 3100 intuens
1413 3049 1666 3116 effingaS,
1715 3067 1919 3118 propo-

282 3134 449 3185 sitam
497 3135 598 3186 tibi
646 3134 814 3185 velim
860 3134 1045 3185 ideam
1093 3133 1509 3184 fructuosarum
1556 3134 1920 3189 concionum.
