2815 3911
359 376 543 421 LIBER
582 375 943 417 111.—VITAE
982 373 1362 417 CHRISTIANAE
1402 373 1709 436 FORMULA.
1779 372 1884 432 237

322 514 607 582 Adjungat
683 510 797 562 duo
873 508 1154 578 colloquia
1229 509 1397 578 hujus
1470 509 1695 564 circiter
1758 527 1882 563 sen-

252 602 459 659 tentiae.
544 597 707 650 Prius
786 597 858 648 ad
941 595 1235 648 Christum
1317 599 1545 667 Jesum:
1629 597 1749 650 Oro
1827 603 1883 648 et

255 692 483 746 obsecro
543 692 619 748 te,
681 685 819 755 Jesu
885 682 1132 736 Domine
1186 683 1282 746 mi,
1338 684 1410 736 da
1471 682 1609 736 mihi
1664 690 1721 736 et
1774 682 1885 736 hoc

257 778 341 832 die
400 781 456 827 et
517 779 643 825 toto
705 779 965 839 tempore
1026 771 1159 824 vitae
1219 788 1361 824 meae
1414 771 1709 840 copiosam
1761 788 1883 839 gra·
1961 759 1963 761 ’

255 865 387 918 tiam
463 860 535 911 ad
612 857 861 926 perfecte
942 858 1361 909 observandum
1443 857 1553 909 hoc
1634 858 1883 925 primum

257 954 597 1020 praeceptum
643 952 857 997 sanctae
904 943 1043 1011 legis
1095 952 1229 996 tuae.
1286 943 1541 997 Alterum
1596 945 1668 997 ad
1722 962 1884 998 sanc-

257 1048 370 1090 tam
423 1035 543 1101 ejus
598 1034 872 1083 Matrem:
930 1031 1180 1083 Domina
1233 1050 1378 1092 mea,
1434 1040 1633 1083 sancta
1682 1031 1883 1094 Maria,

258 1125 483 1175 obsecro
555 1126 613 1170 te
688 1126 749 1169 ut
815 1117 1063 1184 digneris
1129 1135 1231 1184 pro
1299 1136 1389 1169 me
1454 1136 1652 1185 rogare
1716 1119 1886 1171 bene-

259 1209 465 1262 dictum
542 1205 788 1257 fructum
864 1205 1079 1256 ventris
1153 1204 1236 1257 tui
1315 1204 1629 1268 Christum,
1692 1224 1882 1258 meum

263 1293 584 1353 Dominum,
650 1299 710 1342 ut
773 1290 882 1342 hoc
943 1298 999 1343 et
1053 1290 1275 1343 cunctis
1330 1290 1468 1342 mihi
1523 1291 1754 1360 reliquis
1807 1291 1886 1342 vi-

259 1391 327 1435 tae
399 1377 654 1432 mortalis
727 1377 944 1441 diebuS,
1011 1378 1255 1447 benigne
1322 1387 1586 1447 suggerat
1652 1380 1887 1433 uberem

260 1469 491 1537 gratiam
553 1466 717 1533 plene
780 1466 1125 1534 exsequendi
1189 1475 1467 1533 quantum
1524 1465 1663 1516 mihi
1716 1486 1887 1535 praes-

264 1554 486 1606 cribitur
552 1552 660 1603 isto
722 1552 911 1619 primo
975 1553 1250 1604 mandato
1311 1553 1689 1606 sanctissimae
1750 1554 1890 1622 legis

262 1647 392 1714 ejus
472 1645 695 1698 Eodem
775 1642 948 1695 modo
1023 1647 1317 1710 percurrat
1393 1658 1599 1692 novem
1673 1640 1890 1711 reliqua

266 1731 524 1800 Decalogi
577 1737 883 1799 praecepta.

334 1821 436 1871 Est
488 1818 597 1870 hoc
649 1816 1001 1879 exercitium,
1057 1815 1103 1865 si
1159 1823 1312 1866 recte
1365 1815 1423 1865 in
1469 1816 1749 1884 principio
1795 1835 1887 1868 cu-

259 1905 453 1972 jusque
525 1904 636 1957 diei
709 1904 827 1965 fiat,
903 1902 1176 1970 praecipui
1252 1903 1529 1956 momenti
1601 1904 1673 1956 ad
1739 1903 1886 1957 salu-

264 1999 373 2042 tem
433 2000 705 2043 aeternam
769 1989 1214 2058 assequendam:
1284 2008 1414 2041 cum
1477 1989 1629 2041 enim
1694 2009 1887 2058 perve-

267 2076 447 2132 niendi
519 2079 592 2132 ad
666 2077 996 2132 felicitatem
1073 2077 1145 2130 ad
1221 2095 1393 2147 quam
1472 2085 1557 2131 est
1631 2086 1886 2143 vocatuS,

266 2172 380 2217 tota
464 2184 594 2236 spes
673 2175 729 2219 et
812 2166 958 2217 ratio
1033 2164 1343 2217 christiano
1416 2165 1605 2234 posita
1680 2166 1752 2218 sit
1830 2166 1888 2218 in

267 2241 616 2307 exsecutione
691 2255 972 2307 bonorum
1049 2271 1304 2321 operum,
1383 2261 1437 2307 et
1509 2254 1889 2308 declinatione

270 2339 553 2404 malorum,
614 2360 856 2411 quorum
922 2340 1016 2394 illa
1077 2340 1447 2410 imperantur,
1511 2340 1634 2395 haec
1694 2350 1887 2399 vetan-

267 2430 352 2476 tur
401 2427 595 2480 decem
649 2427 952 2496 praeceptis
1004 2427 1142 2496 legis
1198 2427 1323 2490 Dei,
1380 2428 1745 2481 manifestum
1801 2436 1887 2482 est

270 2522 533 2578 quantum
607 2519 679 2569 ad
755 2517 812 2569 id
887 2515 1140 2568 conferat
1215 2524 1413 2568 exacta
1487 2524 1573 2568 et·
1617 2516 1888 2569 distincta

269 2596 604 2666 singulorum
694 2603 976 2671 ejusmodi
1067 2611 1483 2671 praeceptorum
1574 2604 1881 2672 expensio,

270 2702 386 2750 quae
444 2689 596 2742 velut
658 2691 885 2759 objecto
948 2689 1179 2758 speculo
1241 2689 1405 2742 nobis
1465 2689 1716 2743 ostendit
1770 2709 1887 2743 ma-

269 2773 415 2827 culas
466 2778 672 2833 animae
725 2779 1025 2842 tollendaS,
1081 2787 1136 2832 et
1190 2786 1468 2847 quantum
1523 2779 1687 2832 nobis
1740 2780 1887 2833 desit

269 2855 490 2914 indicat.
556 2865 710 2917 Hinc
772 2866 835 2918 fit
897 2873 959 2918 ut
1012 2885 1145 2918 vera
1197 2860 1539 2917 contritione
1592 2864 1888 2919 deleantur

267 2954 476 3003 veteres
534 2953 707 3018 labes,
762 2963 818 3008 et
880 2962 1270 3023 praecaveatur
1330 2954 1401 3006 ab
1463 2954 1531 3006 iis
1584 2973 1730 3023 quae,
1785 2974 1887 3024 per

270 3029 503 3090 lubricas
573 3041 705 3094 vitae
775 3042 1122 3103 occasiones,
1180 3059 1249 3093 ne
1314 3041 1477 3093 nobis
1541 3041 1884 3104 affricentur‚

271 3120 680 3189 periclitamur3
760 3147 948 3198 pravae
1038 3136 1228 3179 autem
1311 3127 1752 3179 consuetudines
1831 3136 1887 3180 et
