2768 3911
755 353 937 393 LIBER
979 356 1014 393 Ι.
1038 371 1109 377 -
1130 357 1424 395 EPISTOLA
1467 357 1539 395 IX·
1897 358 1960 411 51

331 503 400 539 an
471 483 753 536 inventuri
823 484 936 537 sint
1007 486 1226 547 nescio;
1308 494 1363 539 et
1430 487 1549 539 fieri
1620 487 1830 554 poterit
1901 494 1962 540 ut

332 570 481 640 quod
546 568 641 621 ubi
705 568 842 622 libet
907 578 1185 637 quaerunt,
1247 570 1303 623 in
1371 590 1437 624 eo
1502 579 1726 625 tantum
1791 590 1960 640 quem

331 656 698 712 reformidant
747 655 873 706 loco
913 656 1189 723 reperturi
1230 656 1474 724 denique
1514 656 1644 719 sint,
1693 656 1739 709 si
1781 677 1959 725 quan-

333 747 403 799 do
460 743 758 796 consilium
817 744 1167 812 expedierint
1220 745 1277 794 in
1330 763 1459 795 eum
1513 763 1573 795 se
1625 744 1957 813 recipiendi.

335 833 476 884 Haec
539 846 572 881 a
637 846 727 881 me
792 830 945 882 dicta
1008 847 1121 882 non
1186 833 1258 882 ad
1328 831 1511 886 Solum
1585 832 1956 883 Franciscum

332 917 609 984 Zapatam
662 913 974 983 pertinent;
1036 914 1187 968 haud
1241 915 1392 968 enim
1446 916 1735 969 exclusum
1788 916 1957 969 velim

332 1001 622 1056 dominum
661 1001 1032 1065 licentiatum,
1063 1021 1231 1071 quem
1269 1002 1533 1071 equidem
1571 1009 1807 1056 autumo
1843 1020 1957 1056 non

332 1089 506 1142 multa
544 1088 650 1139 frui
691 1088 880 1156 quiete
918 1089 1235 1157 tranquillae
1277 1090 1483 1141 mentis
1511 1090 1568 1140 in
1595 1090 1863 1151 terendiS,
1894 1098 1955 1141 ut

333 1175 480 1238 facit,
523 1174 812 1228 liminibus
857 1193 1189 1243 magnarum
1237 1177 1529 1229 domuum.
1586 1178 1755 1245 Quod
1799 1195 1955 1246 spec-

332 1269 413 1315 tat
473 1260 769 1314 dominum
816 1260 1108 1314 doctorem
1161 1261 1445 1315 medicum
1502 1249 1788 1329 Ignatium
1845 1264 1955 1316 Lo-

332 1367 448 1418 pez‚
490 1346 537 1400 is
577 1346 715 1399 mihi
756 1346 921 1417 plane
959 1347 1182 1401 videtur
1227 1346 1665 1401 conturbaturus
1707 1348 1977 1402 rationes-

319 1436 496 1492 ,famae
539 1452 674 1499 suae,
720 1442 775 1488 et
818 1436 978 1505 quasi
1022 1435 1143 1488 foro
1187 1454 1463 1499 cessuruS,
1504 1436 1550 1488 si
1592 1436 1747 1505 prius
1789 1438 1955 1490 abeat

335 1540 501 1593 quam
542 1524 923 1592 percuraverit
963 1523 1325 1593 languentem
1367 1524 1729 1576 stomachum
1772 1525 1956 1577 Patris

338 1608 559 1677 Ignatii,
626 1616 681 1663 et
754 1609 1083 1662 cachexiam
1162 1610 1493 1663 Bobadillae.
1573 1612 1659 1663 De
1735 1611 1982 1669 Didaco

335 1697 590 1764 Zappata
634 1702 681 1749 et
724 1696 773 1749 ei
815 1695 1077 1750 similibus
1130 1714 1244 1750 non
1297 1695 1480 1750 habeo
1532 1697 1683 1765 quod
1737 1696 1952 1760 dicam;

336 1783 438 1835 nisi
501 1783 880 1835 verisimiliter
940 1782 1075 1846 fore,
1135 1791 1196 1835 ut
1255 1783 1501 1835 mundus
1568 1802 1665 1835 eos
1729 1782 1955 1836 inutiles

336 1872 436 1922 sibi
489 1871 872 1940 deprehensos
924 1872 1171 1939 abjiciat,
1227 1872 1364 1923 satis
1417 1872 1622 1923 deinde
1672 1872 1951 1923 laboratu-

336 1975 423 2010 ros
467 1957 524 2010 in
571 1958 904 2026 reperiendo
950 1958 1045 2026 qui
1093 1975 1190 2009 eos
1233 1957 1385 2010 velit.

406 2043 614 2098 Nescio
654 2044 790 2113 quid
831 2043 921 2108 sit,
964 2045 1116 2113 quod
1157 2062 1223 2098 ex
1263 2061 1374 2113 quo
1414 2062 1509 2098 rex
1549 2044 1747 2099 statuit
1788 2061 1951 2114 quos-

337 2132 464 2183 dam
507 2151 537 2184 e
580 2131 743 2183 nobis
789 2130 881 2184 hic
926 2130 1157 2194 haerere,
1202 2130 1342 2183 alios
1384 2130 1681 2198 proficisci,
1729 2130 1952 2199 abigere

338 2237 400 2271 ex
444 2219 636 2272 animo
682 2237 796 2271 non
842 2237 1074 2288 possum
1129 2227 1522 2272 occursantem
1570 2218 1784 2287 injussu
1831 2236 1953 2287 spe-

338 2306 475 2360 ciem
551 2307 827 2361 carissimi
892 2307 1079 2360 fratris
1149 2306 1327 2359 nostri
1401 2305 1632 2359 Antonii
1712 2305 1953 2369 Araozii,

338 2401 667 2463 suggerente
719 2393 823 2448 sibi
876 2411 1130 2463 praesaga
1190 2400 1379 2447 mente
1435 2400 1736 2446 venturum
1798 2392 1952 2446 illum

338 2481 404 2532 ad
457 2500 561 2534 nos
612 2482 684 2534 ad
740 2481 934 2534 Indias
992 2500 1121 2534 cum
1184 2499 1279 2533 sex
1342 2480 1540 2533 saltem
1604 2480 1835 2543 clericiS,
1899 2487 1954 2534 et

339 2578 541 2622 caetero
605 2570 812 2622 idoneo
873 2570 1166 2632 comitatU,
1231 2568 1325 2637 qui
1386 2568 1492 2619 etsi
1553 2587 1666 2619 non
1731 2576 1953 2620 constet

339 2672 401 2707 ex
464 2658 879 2720 eruditissimiS,
956 2658 1127 2708 modo
1202 2656 1461 2707 homines
1534 2655 1739 2706 habeat
1812 2656 1955 2706 bene

339 2741 616 2794 animatos
669 2744 740 2794 ad
794 2743 1239 2811 impendendum
1293 2749 1568 2809 quantum
1627 2741 1763 2808 ipsis
1822 2741 1955 2793 vitae

338 2837 588 2895 superest
635 2829 692 2882 in
741 2830 849 2882 Dei
898 2829 1130 2882 Domini
1179 2828 1357 2881 nostri
1409 2828 1762 2896 obsequium,
1816 2845 1955 2896 prae-

337 2918 599 2984 tereaque
656 2916 871 2969 alienos
923 2917 994 2969 ab
1048 2915 1202 2968 omni
1263 2915 1448 2983 specie
1505 2904 1774 2977 avaritiae,
1834 2931 1955 2983 spe-

339 3014 524 3054 ramus
569 3003 879 3056 adventum
927 3020 1120 3055 eorum
1170 3019 1282 3053 non
1325 3018 1523 3069 parum
1568 3000 1762 3052 utilem
1812 3000 1955 3053 futu-

337 3101 474 3139 rum.
552 3091 634 3143 Ac
707 3108 1054 3158 quamquam
1136 3088 1318 3141 nullos
1396 3087 1539 3140 tales
1618 3086 1726 3139 hoc
1805 3105 1957 3140 anno
