2768 3911
669 428 853 465 LIBER
893 410 1364 465 11.—-EPISTOLA
1403 430 1456 466 v.
1774 428 1878 466 101

261 572 448 623 contra
519 561 612 629 jus
690 559 886 628 fasque
963 560 1311 628 imponebat,
1385 560 1676 629 supersedi
1748 578 1879 612 eum

260 652 556 723 baptizare.
647 649 767 699 Nec
837 646 1056 710 dubit0,
1130 647 1267 716 quin
1340 646 1447 701 Dei
1528 647 1881 716 benignitate

260 738 589 797 christianus
644 735 950 804 aliquando
1012 734 1084 787 sit
1137 733 1375 787 futurus
1448 733 1646 787 Monui
1698 732 1879 787 homi-

261 844 398 889 nem,
453 830 513 876 ut
576 822 783 875 idiotas
835 830 1007 891 atque
1068 822 1363 891 imperitos
1425 824 1646 885 doceat,
1715 840 1875 874 unum

259 933 346 968 esse
405 913 595 972 Deum,
658 910 773 962 eceli
833 916 1074 979 terraeque
1122 916 1518 980 procreatorem,
1572 916 1877 980 regnantem

259 1004 309 1053 in
343 999 477 1050 coelo.
534 998 747 1047 Verum
786 995 875 1047 ille
916 995 1286 1064 jurisjurandi
1324 996 1593 1065 religione
1640 997 1876 1049 obstric-

260 1098 358 1149 tuS,
427 1084 651 1152 negavit
715 1083 821 1134 sibi
884 1083 1166 1151 integrum
1229 1102 1371 1146 esse,
1441 1101 1569 1136 cum
1641 1101 1875 1152 praeser-

258 1174 352 1227 tim
412 1170 823 1232 extimesceret,
887 1188 957 1220 ne
1009 1178 1309 1237 propterea
1377 1169 1794 1237 opprimeretur
1846 1187 1879 1222 a

258 1262 523 1313 daemone.

324 1345 494 1399 Hisce
548 1344 618 1398 de
671 1344 836 1398 rebus
890 1344 1042 1414 quod
1091 1344 1354 1407 scribam,
1409 1352 1687 1413 praeterea
1734 1343 1873 1396 nihil

255 1434 444 1493 habe0,
498 1430 605 1483 nisi
658 1438 879 1484 tantam
934 1449 1058 1484 esse
1103 1433 1218 1484 vim
1266 1441 1322 1486 et
1370 1433 1592 1501 copiam
1640 1432 1873 1501 gaudio-

256 1538 387 1581 rum,
435 1538 559 1587 quae
616 1519 772 1569 Deus
820 1517 936 1570 suis
982 1516 1218 1586 hujusce
1267 1517 1448 1572 vineae
1495 1519 1769 1587 operariis
1816 1519 1873 1571 in

254 1606 351 1659 hae
399 1606 655 1658 barbarie
703 1606 1010 1657 excolenda
1056 1604 1252 1657 sedulo
1298 1605 1688 1658 laborantibus
1735 1605 1872 1659 elar-

251 1693 345 1761 giri
397 1693 556 1756 solet,
612 1701 671 1746 ut
726 1694 772 1746 si
826 1711 937 1762 qua
989 1712 1122 1745 vera
1174 1702 1259 1745 est
1313 1711 1379 1745 ac
1433 1693 1614 1744 solida
1660 1692 1717 1744 in
1764 1691 1872 1745 hac

178 1769 180 1771 ’
252 1781 357 1832 vita
412 1780 759 1848 jucunditaS,
832 1780 954 1834 haec
1020 1798 1132 1833 una
1197 1780 1336 1833 mihi
1402 1798 1524 1833 esse
1589 1781 1867 1832 videatur.

254 1869 408 1920 Soleo
477 1887 868 1938 saepenumero
933 1868 1240 1936 quemdam
1306 1868 1362 1920 in
1427 1867 1515 1921 his
1579 1867 1866 1921 laboribus

249 1963 556 2007 versantem
615 1957 828 2017 audire,
882 1974 1012 2006 cum
1067 1955 1245 2007 dicat:
1314 1956 1565 2022 «Quaeso
1617 1961 1692 2017 te,
1750 1955 1864 2007 Do-

250 2041 448 2103 «mine,
503 2042 616 2093 noli
670 2060 761 2093 me
813 2050 975 2093 tanta
1026 2042 1225 2093 laetitia
1271 2040 1608 2108 perfundere
1655 2040 1713 2094 in
1759 2039 1866 2093 hac

249 2125 411 2188 «vita,
473 2134 571 2180 aut
633 2139 785 2180 certe
842 2128 1072 2196 quando
1124 2145 1227 2195 pro
1278 2136 1377 2179 tua
1429 2127 1651 2178 infinita
1703 2126 1861 2177 boni-

247 2219 395 2264 «tate
446 2232 513 2266 ac
565 2213 952 2267 misericordia
1003 2212 1312 2282 perfundiS,
1367 2213 1612 2267 transfer
1663 2231 1755 2266 me
1804 2214 1860 2265 in

246 2298 625 2351 «domicilium
678 2301 995 2352 beatorum.
1052 2300 1365 2367 Siquidem,
1421 2300 1517 2367 qui
1569 2307 1729 2352 tuam
1777 2318 1859 2353 se-

243 2385 385 2435 «mel
429 2387 786 2438 dulcedinem
833 2386 1099 2438 interiore
1144 2384 1392 2453 gustavit
1440 2403 1627 2449 sensu,
1674 2385 1853 2440 vitam

246 2470 397 2522 «sine
441 2481 541 2524 tuo
586 2482 820 2541 aspectu
867 2474 1129 2525 acerbam
1175 2480 1354 2541 putet,
1403 2490 1635 2525 necesse
1677 2479 1781 2526 est.
1807 2492 1827 2521 »

311 2557 500 2612 Genus
552 2569 637 2613 est
690 2561 1087 2613 delectationis
1148 2578 1290 2612 meae
1343 2558 1656 2612 identidem
1710 2560 1859 2627 cogi-

243 2646 354 2693 tare
413 2645 481 2697 de
541 2647 720 2710 vobiS,
785 2646 1101 2699 charissimi
1161 2647 1378 2709 fratreS,
1434 2648 1617 2715 deque
1669 2655 1858 2699 vestra

238 2724 639 2789 jucundissima
700 2733 1102 2795 familiaritate,
1167 2751 1278 2800 qua
1342 2751 1431 2784 me
1512 2734 1686 2795 Deus,
1756 2751 1859 2800 pro

242 2826 334 2862 sua
383 2814 661 2871 immensa
712 2818 1081 2886 benignitate,
1137 2819 1402 2887 dignatus
1455 2827 1559 2870 est.
1636 2819 1857 2870 Eadem

241 2898 379 2950 enim
453 2922 624 2970 opera
699 2924 922 2957 mecum
997 2914 1216 2973 reputo,
1284 2924 1349 2959 ac
1415 2904 1579 2973 plane
1653 2904 1857 2968 sentio,

240 2996 502 3049 quantum
556 2993 688 3043 olim
743 2992 1019 3061 temporis
1072 2990 1279 3045 frustra
1328 2992 1711 3055 contriverim,
1761 2993 1856 3061 qui

240 3085 300 3122 ex
367 3085 551 3132 vestra
625 3081 985 3134 sanctissima
1059 3081 1486 3143 consuetudine,
1554 3098 1856 3149 rerumque

240 3154 543 3219 divinarum
582 3166 805 3231 notitia,
844 3175 964 3221 tam
1002 3168 1265 3237 exiguum
1305 3169 1547 3238 ceperim
1590 3167 1856 3219 fructum.
