2692 3907
746 383 851 450 284
1165 396 1350 435 LIBER
1392 398 1468 434 1v.
1492 397 1881 435 —EP1s'r0LA
1920 398 1973 434 v.

745 613 954 665 mentis
994 621 1194 666 sancta
1222 613 1325 665 viri
1354 613 1652 681 patientia.
1695 613 1828 666 Scio
1866 613 2156 665 mussitari
2200 613 2392 667 nescio

741 700 879 766 quid
917 718 1019 767 per
1058 700 1287 752 Indiam
1328 700 1398 752 de
1428 699 1522 751 illo
1551 719 1583 752 a
1612 700 1741 752 filiis
1779 699 1948 768 hujus
1993 699 2203 762 saeculi,
2250 719 2393 769 quos

740 786 915 837 etiam
991 787 1235 837 arbitror
1303 788 1374 837 ad
1445 788 1810 854 majestatem
1876 795 2037 838 tuam
2082 787 2393 854 scripturos

741 871 1034 924 sinistram
1105 872 1275 924 istam
1345 872 1529 939 ipsam
1603 872 2009 939 suspicionem,
2081 890 2195 939 qua
2262 890 2390 925 eum

739 964 957 1009 temere
1035 966 1364 1024 aspergunt,
1448 958 1753 1009 occasione
1836 958 2037 1009 mortis
2095 958 2391 1010 Michaelis

741 1043 931 1096 Vazii:
972 1062 1086 1112 qua
1133 1045 1189 1095 in
1238 1062 1314 1107 re,
1365 1043 1475 1096 hoc
1522 1044 1572 1095 ei
1620 1044 1983 1096 verissimum
2032 1052 2088 1096 et
2132 1045 2390 1096 sinceris-

741 1129 950 1181 simum
1018 1130 1225 1182 debere
1292 1148 1383 1182 me
1444 1130 1842 1183 testimonium
1922 1130 2127 1193 sentio,
2191 1137 2265 1192 et,
2330 1138 2390 1184 ut

714 1214 897 1282 -gravi
940 1233 1031 1267 me
1071 1233 1375 1267 exonerem
1417 1215 1621 1278 offici0,
1664 1216 1860 1277 reddo,
1903 1216 2193 1266 affirmans
2234 1223 2389 1267 certo

740 1301 885 1351 scire
957 1318 1049 1351 me
1126 1301 1409 1368 (quamvis
1488 1319 1601 1368 qua
1671 1302 1764 1351 via
1835 1318 2020 1368 quove
2088 1302 2261 1352 modo
2333 1302 2388 1352 id

742 1384 1060 1446 didicerim,
1104 1386 1292 1436 dicere
1335 1393 1433 1437 aut
1478 1386 1724 1437 scribere
1769 1402 1884 1436 non
1929 1386 2191 1451 possim),
2235 1402 2386 1436 com-

741 1468 1152 1537 pertissimum,
1220 1469 1474 1538 inquam,
1547 1469 1685 1521 mihi
1751 1488 1892 1532 esse,
1961 1468 2140 1520 nihilo
2210 1469 2389 1537 magis

741 1572 873 1604 eum
912 1555 982 1604 de
1020 1555 1131 1606 isto
1170 1563 1377 1606 eventu
1424 1555 1640 1622 culpari
1679 1556 1806 1622 jure
1850 1573 2037 1622 posse,
2085 1573 2257 1622 quam
2300 1572 2389 1605 me

740 1638 948 1705 ipsum,
980 1639 1076 1706 qui
1105 1639 1437 1707 longissime
1475 1640 1629 1690 illinc
1667 1641 1820 1707 apud
1863 1640 2121 1690 Molucas
2158 1640 2387 1690 aberam

742 1724 974 1790 quando
1027 1724 1180 1776 istud
1236 1724 1494 1792 contigit.

817 1810 936 1861 Oro
990 1818 1163 1877 atque
1219 1810 1458 1861 obsecro
1525 1810 1889 1878 majestatem
1949 1818 2129 1872 tuam,
2179 1829 2282 1877 pro
2323 1829 2388 1861 eo

741 1905 1021 1962 quantum
1071 1904 1126 1947 et
1179 1897 1367 1946 Deum
1423 1914 1601 1957 amas,
1645 1903 1700 1947 et
1744 1897 1870 1947 Deo
1916 1896 2224 1962 gratificari
2272 1904 2386 1947 stu-

741 1982 860 2043 deS,
907 1989 962 2033 et
1005 1989 1167 2032 tuam
1215 1981 1337 2048 ipse
1386 1981 1799 2033 conscientiam
1855 1982 1926 2032 ab
1981 1981 2138 2032 omni
2194 1989 2387 2033 conta-

739 2066 908 2136 gione
960 2067 1105 2119 labis
1162 2085 1388 2119 servare
1447 2085 1650 2136 puram
1710 2067 1890 2136 cupiS,
1947 2085 2017 2119 ne
2072 2067 2384 2136 quidquam

740 2154 892 2207 circa
931 2153 1055 2207 haec
1099 2172 1235 2221 agas
1279 2161 1377 2208 aut
1422 2155 1698 2207 decernas
1745 2156 1897 2207 unde
1939 2154 2029 2207 isti
2072 2154 2194 2207 viro
2235 2154 2386 2207 bono

740 2259 888 2309 aegre
943 2241 1034 2294 sit.
1095 2243 1245 2294 Sane
1300 2242 1345 2293 si
1402 2241 1675 2311 majestas
1728 2249 1828 2294 tua
1880 2242 2052 2294 fidem
2114 2241 2386 2294 adhibere

737 2328 1027 2380 videretur
1063 2328 1383 2380 falsissimae
1413 2328 1507 2380 isti
1547 2328 1867 2390 calumniae,
1911 2329 2044 2380 inde
2082 2329 2387 2380 adderetur

738 2413 1069 2475 auctoritaS,
1119 2421 1174 2466 et
1223 2420 1527 2481 augeretur
1582 2412 1931 2465 confidentia
1988 2411 2384 2464 obtrectatori-

739 2499 845 2549 bus
893 2499 988 2565 qui
1037 2507 1170 2550 sunt
1218 2499 1275 2549 in
1322 2499 1506 2550 India.

811 2583 980 2651 Quod
1037 2583 1309 2651 majestas
1362 2591 1461 2635 tua
1518 2584 1751 2635 Petrum
1809 2583 2209 2647 Gonzalvium,
2259 2602 2383 2653 pro-

737 2670 1072 2737 episcopum
1116 2669 1518 2731 Cocinensem,
1561 2669 1710 2721 inter
1750 2670 1941 2721 sacelli
1976 2670 2114 2736 regii
2153 2670 2383 2737 praefec-

736 2762 829 2806 tos
887 2755 1149 2817 adscivit,
1217 2756 1486 2823 quodque
1551 2755 1742 2807 fratris
1808 2756 1931 2823 ejus
1996 2756 2174 2807 filium
2242 2756 2383 2807 aulae

737 2841 1007 2909 palatinae
1090 2842 1411 2893 honorariis
1494 2842 1731 2910 ephebis
1806 2844 2117 2905 accensuit,
2186 2851 2247 2895 ut
2313 2843 2384 2894 ad

738 2946 929 2980 meum
992 2946 1220 2995 quoque
1280 2928 1621 2979 beneficium
1682 2929 1967 2995 pertinere
2026 2935 2244 2995 putem,
2303 2927 2382 2979 in-

736 3015 930 3083 gentia
977 3015 1081 3066 viri
1136 3015 1307 3084 hujus
1354 3016 1411 3066 in
1461 3015 1812 3067 Societatem
1868 3023 2123 3067 nostram
2182 3015 2384 3066 merita

736 3103 970 3163 faciunt.
1009 3105 1105 3154 Me
1145 3103 1338 3174 itaque
1377 3120 1443 3155 ac
1483 3110 1711 3161 nostros
1756 3119 1957 3162 omnes
2001 3119 2069 3154 eo
2112 3102 2382 3178 peculiari

742 526 1061 579 reverentia
1089 525 1356 595 perfudit,
1403 527 1784 595 praesentibus
1831 534 2132 595 perspecta
2179 528 2391 595 experi-
2436 546 2439 549 ’
