2692 3907
715 367 818 428 ”232
885 367 1069 412 mnan
1104 366 1467 412 ‘111.-—v1TAE
1506 365 1886 412 CH'RISTIANAE
1926 358 2232 410 FORM'U'LA.

787 508 872 559 Te
944 511 1238 573 praeterea,
1316 502 1394 556 mi
1469 503 1644 567 DeUS‚
1718 523 1849 555 amo
1903 522 2071 573 super
2133 502 2342 568 omnia,

718 602 772 646 et
837 612 903 645 ex
965 600 1089 645 toto
1150 592 1322 645 corde
1373 592 1468 645 odi
1521 609 1588 645 ac
1639 592 1892 655 detestor
1941 595 2177 658 peccata
2228 588 2345 656 qui·
2666 585 2692 637 d

716 682 822 733 bus
881 689 939 733 te
1009 678 1237 742 offendi,
1303 676 1436 747 quia
1495 676 1599 731 tibi
1643 676 1944 746 displicent
1988 695 2210 729 summe
2250 676 2345 728 bo·
2670 691 2692 725 r

720 784 812 827 n0‚
876 774 932 818 et
994 763 1253 826 amabili;
1318 764 1408 815 cui
1470 773 1531 816 ut
1589 763 2091 832 incomparabilem
2145 763 2349 816 debere

723 871 813 904 me
878 851 1076 913 fateor,
1144 858 1199 904 et
1264 851 1528 903 exhibere
1593 868 1785 913 conor,
1852 849 2208 911 charitatem,
2271 849 2349 902 ita

722 948 779 992 te
840 938 1004 1005 longe
1083 954 1252 1006 supra
1328 937 1584 990 omnium
1631 936 2016 1005 speciosarum
2078 943 2133 988 et
2180 954 2348 1004 praes-

725 1025 972 1079 tantium
1047 1041 1233 1076 rerum
1299 1024 1544 1092 pretium
1609 1024 1850 1087 aestimo,
1916 1023 2351 1092 firmissimeque

728 1121 784 1165 et
839 1110 1279 1165 irrevocabiliter
1323 1119 1514 1165 statuo
1571 1128 1862 1179 nunquam
1939 1128 2030 1162 me
2119 1127 2352 1162 consen-

731 1215 925 1251 surum
987 1197 1044 1249 in
1107 1196 1397 1250 offensam
1458 1196 1559 1260 tui,
1605 1203 1702 1249 aut
1755 1196 2067 1267 quidquam
2120 1215 2353 1267 quomo-

731 1284 943 1337 dolibet
1023 1292 1301 1348 acturum,
1383 1286 1546 1354 quod·
1600 1293 1713 1339 tuae
1794 1302 2073 1353 supremae
2169 1283 2355 1337 minus

732 1372 1034 1440 probatum
1106 1371 1368 1435 bonitati,
1454 1388 1544 1425 me
1599 1370 1866 1439 conjiciat
1924 1370 1981 1423 in
2045 1369 2355 1439 periculum

733 1457 1029 1511 excidendi
1083 1475 1116 1510 a
1166 1465 1266 1510 tua
1322 1466 1521 1511 sancta
1572 1458 1771 1526 gratia,
1825 1458 1884 1509 in
1936 1477 2048 1527 qua
2100 1474 2353 1526 perseve-

733 1562 855 1595 rare
913 1543 984 1594 ad
1043 1551 1358 1595 extremum
1411 1562 1589 1611 usque
1642 1534 1903 1612 spiritum
1958 1542 2355 1596 deliberatissi-

737 1647 893 1681 mum
947 1628 1085 1680 mihi
1139 1637 1243 1682 est.
1315 1631 1516 1681 Amen.

809 1714 1023 1779 TertiO,
1097 1715 1169 1768 ad
1242 1714 1373 1769 rite.
1420 1715 1760 1769 initiandum
1834 1716 1945 1769 diei
2018 1734 2085 1770 ac
2155 1715 2358 1784 vigiliae

736 1802 1096 1871 principium,
1171 1803 1480 1870 petendum
1555 1821 1588 1854 a
1659 1804 1784 1855 Deo
1850 1802 2101 1855 Domino
2164 1809 2359 1854 nostro

738 1895 823 1941 est
883 1887 1151 1941 auxilium
1213 1905 1329 1941 suae
1389 1888 1585 1958 gratiae
1638 1889 1710 1943 ad
1763 1896 1959 1944 exacte
2010 1889 2362 1943 observanda

737 1978 934 2030 decem
1000 1976 1274 2030 Mandata
1337 1976 1712 2030 sanctissimae
1772 1975 1943 2044 Legis
1999 1996 2135 2038 suae,
2189 1996 2362 2045 quan-

739 2061 1045 2131 doquidem
1111 2060 1351 2114 salutem
1417 2070 1689 2115 aeternam
1750 2082 1919 2116 nemo
1980 2064 2206 2133 assequi
2266 2081 2362 2133 po-

739 2158 852 2202 test
911 2150 1017 2201 nisi
1074 2167 1174 2218 per
1225 2166 1420 2203 eorum
1473 2150 1948 2204 observationem.
2006 2150 2230 2204 Recitet
2283 2169 2364 2203 er-

740 2253 812 2303 go
864 2235 1131 2289 distincte
1182 2243 1468 2305 praecepta
1523 2237 1812 2306 Decalogi,
1867 2245 1923 2291 et
1975 2246 2107 2306 post
2161 2256 2227 2291 ea
2271 2255 2365 2307 pe-

740 2323 1019 2375 detentim
1071 2330 1127 2375 et
1179 2329 1396 2376 attente
1446 2323 1839 2389 pronunciata,
1893 2323 2199 2390 subjungat
2243 2321 2366 2375 haec

741 2410 939 2461 verba:
1017 2407 1169 2461 Dicit
1246 2408 1403 2460 Deus
1477 2407 1760 2460 Dominus
1829 2417 2039 2472 noster,
2106 2427 2205 2460 eos
2269 2409 2364 2478 qui

741 2494 1121 2548 observabunt
1200 2502 1255 2547 et
1334 2514 1504 2563 opere
1581 2496 1897 2565 implebunt
1978 2498 2091 2550 ista
2169 2498 2366 2549 decem

742 2582 1033 2645 Mandata,
1087 2581 1265 2634 ituros
1316 2580 1374 2633 in
1425 2581 1773 2649 paradisum,
1828 2582 1923 2635 ubi
1971 2601 2196 2634 summa
2248 2581 2363 2634 feli-

737 2667 909 2721 citate
970 2673 1246 2720 aeternum
1307 2665 1682 2736 perfruentur.
1744 2669 1899 2723 Dicit
1954 2671 2112 2723 Deus
2167 2669 2365 2723 Domi-

737 2773 842 2806 nus
904 2762 1114 2819 noster,
1178 2773 1276 2808 eos
1338 2756 1433 2824 qui
1486 2774 1601 2810 non
1654 2757 2035 2810 observabunt
2088 2764 2145 2810 et
2198 2767 2367 2826 opere

736 2842 1052 2911 implebunt
1107 2841 1217 2896 ista
1281 2842 1480 2896 decern
1558 2845 1850 2908 Mandata,
1918 2845 2098 2898 ituros
2162 2844 2220 2896 in
2285 2843 2366 2895 in-

736 2927 976 2991 fernum,
1006 2928 1101 2981 ubi
1142 2929 1505 2997 sempiternis
1545 2930 1890 2985 cruciatibus
1930 2933 2365 3001 torquebuntur.

810 3016 999 3068 Addat
1072 3015 1359 3068 orationes
1431 3015 1534 3067 has
1599 3018 1741 3070 duas
1806 3019 1879 3072 ad
1945 3016 2367 3088 impetrandam

742 3101 1194 3162 observationem
1252 3103 1656 3164 Mandatorum
1712 3105 1847 3165 Dei;
