2815 3911
782 387 964 424 LIBER
1003 388 1456 427 V.-—EPISTOLA
1498 388 1559 425 ΙΙ.
1874 387 1976 442 371

353 519 506 587 apud
572 519 759 570 Deum
823 518 1057 585 gratiosi
1121 518 1309 572 favore
1360 537 1428 572 ac
1480 517 1983 572 commendatione

354 604 598 657 multum
638 612 784 673 eget,
826 623 998 674 quam
1038 606 1346 674 promereri
1384 605 1484 658 tali
1524 605 1741 676 poteris
1778 604 1981 657 officio,

358 693 447 745 Eo
483 698 570 744 est
605 690 697 744 ille
731 691 835 753 vir,
870 692 958 744 vel
994 691 1103 745 hoc
1138 693 1368 746 nomine
1404 692 1792 760 dignissimuS,
1831 691 1984 759 quod

355 775 599 830 multum
646 774 905 829 exhausit
950 776 1206 829 laborum
1252 777 1310 828 in
1356 777 1682 829 excolendis
1727 776 1985 829 christia-

356 864 444 916 nis
492 863 689 917 Sancti
734 862 1003 917 Thomae:
1053 872 1108 917 et
1155 883 1305 917 nunc
1350 865 1408 916 in
1455 882 1558 916 sua
1601 882 1749 933 pene
1796 864 1986 916 decre-

356 944 478 1020 pita
534 958 703 1005 aetate
745 952 1208 1006 obedientissime
1250 969 1310 1005 se
1363 952 1765 1005 accommodat
1818 968 1988 1004 cunc-

357 1037 432 1091 tis
471 1036 672 1091 ritibus
711 1044 767 1089 et
804 1037 1311 1113 consuetudinibus
1356 1046 1570 1090 sanetae
1624 1036 1825 1090 matris
1879 1037 1988 1090 Ec-

358 1124 544 1178 clesiae
590 1126 887 1178 Romanae.
933 1124 1065 1178 Scio
1111 1125 1354 1178 scribere
1400 1124 1580 1177 solere
1625 1124 1989 1192 majestatem

357 1221 517 1266 tuam
583 1213 655 1265 ad
719 1221 911 1283 patres
976 1213 1173 1267 Sancti
1241 1213 1559 1267 Francisci:
1613 1212 1665 1266 ei
1717 1212 1991 1266 fasciculo

359 1305 554 1370 posset
601 1299 770 1354 inseri
816 1298 940 1354 haec
984 1300 1054 1354 ad
1103 1298 1435 1369 episcopum
1482 1299 1796 1354 Armenum
1844 1297 1990 1368 epis-

358 1387 495 1449 tola,
536 1405 708 1457 quam
749 1387 962 1440 suadeo
1003 1386 1217 1439 scribas
1257 1387 1523 1440 omnibus
1562 1386 1791 1451 favoriS,
1840 1386 1990 1440 aesti-

361 1475 649 1540 mationiS,
697 1482 753 1527 et
799 1475 1033 1527 affectus
1079 1474 1590 1544 significationibus
1635 1474 1886 1545 plenam.

437 1562 595 1615 Deus
619 1560 921 1614 ·Dominus
960 1568 1154 1613 noster
1192 1559 1483 1629 imprimat
1528 1560 1758 1630 penitus
1810 1559 1992 1613 menti

363 1648 683 1719 majestatis
733 1657 846 1701 tuae
899 1647 1109 1700 claram
1156 1647 1421 1700 notitiam
1468 1648 1847 1702 sanctissimae
1894 1665 1990 1700 vo-

362 1736 599 1791 luntatis
651 1754 767 1790 suae
791 1754 805 1799 ;
860 1743 1237 1806 suggeratque
1270 1735 1456 1789 -simul
1506 1736 1673 1800 vireS,
1727 1742 1783 1790 et
1843 1735 1997 1790 auxi·

361 1823 499 1877 lium
540 1822 794 1877 conferat
833 1823 906 1876 ad
952 1840 1078 1875 eam
1125 1821 1205 1875 ita
1250 1822 1414 1890 plene
1460 1822 1823 1893 perfecteque
1869 1841 1994 1876 exe-

363 1912 668 1984 quendam,
717 1920 778 1963 ut
823 1920 923 1964 tua
969 1911 1238 1980 majestas
1278 1912 1550 1980 gauderet
1590 1929 1624 1964 a
1667 1929 1730 1965 se
1777 1912 1993 1966 factum

362 1998 504 2053 hora
548 2005 802 2052 extrema
853 1998 1053 2052 mortis
1104 2014 1239 2061 suae,
1293 1998 1524 2068 quando
1575 2016 1608 2051 a
1659 2005 1735 2063 te,
1792 1998 1990 2053 Domi-

363 2104 452 2151 ne,
481 2087 772 2140 reddenda
806 2088 931 2138 Deo
970 2085 1115 2139 ratio
1155 2088 1260 2138 erit
1298 2086 1476 2139 totius
1515 2094 1798 2141 anteactae
1836 2087 1990 2142 vitae.

366 2175 434 2228 Id
486 2174 866 2228 decretorium
919 2172 1255 2227 aeternitatis
1307 2180 1666 2228 momentum
1719 2173 1888 2229 citius
1933 2193 1991 2229 a·

364 2261 509 2316 derit
573 2280 744 2331 quam
812 2261 1082 2329 majestas
1144 2268 1243 2313 tua
1306 2268 1497 2328 putet:
1564 2280 1740 2329 quare
1805 2262 1997 2315 danda

364 2354 586 2401 mature
638 2365 811 2416 opera
862 2354 947 2400 est
999 2354 1060 2400 ut
1111 2346 1256 2399 bene
1308 2346 1381 2399 ad
1433 2346 1570 2400 illud
1622 2355 1858 2416 paratus
1903 2366 1994 2401 oc-

363 2452 574 2489 curras,
625 2437 823 2504 Regna
868 2441 923 2488 et
964 2432 1317 2503 principatus
1373 2441 1691 2488 transeunt.
1736 2434 1847 2489 His
1890 2452 1989 2489 no·

363 2543 434 2576 va
480 2523 745 2577 succedet
792 2530 848 2574 et
894 2520 1351 2591 inopinatissima
1395 2519 1569 2574 facies
1614 2540 1833 2575 rerum:
1878 2521 1996 2593 pla·

364 2628 436 2665 ne
496 2611 679 2682 qualis
742 2628 812 2664 ne
870 2609 1216 2679 cogitatione
1268 2609 1500 2678 quidem
1553 2626 1621 2664 ac
1672 2610 1995 2680 suspicione

363 2699 568 2770 prima,
622 2698 909 2769 majestati
961 2714 1212 2766 unquam
1264 2704 1379 2750 tuae
1426 2696 1485 2749 in
1531 2704 1784 2752 mentem
1830 2715 1996 2752 vene-

365 2788 455 2842 rit.
510 2786 746 2841 Videbis
797 2785 949 2839 enim
1007 2791 1064 2838 te
1122 2801 1223 2852 per
1263 2790 1508 2837 mortem
1560 2783 1868 2853 spoliatum
1916 2803 1999 2838 re-

365 2875 510 2944 gniS,
564 2882 620 2927 et
671 2871 1127 2942 possessionibus
1184 2870 1430 2940 ejectum
1484 2871 1724 2936 cunctiS,
1777 2872 1837 2925 in
1888 2871 2000 2924 alia

366 2963 533 3030 longe
604 2962 829 3014 diversa
899 2959 1161 3013 contrudi
1230 2958 1503 3011 terribilia
1572 2966 1629 3012 et
1695 2960 2003 3012 tenebrosa

367 3067 569 3117 regna3
623 3048 680 3101 in
727 3066 854 3116 quae
900 3046 1266 3099 durissimum
1310 3053 1366 3098 et
1405 3036 1840 3111 acerbissimum
1893 3047 2000 3100 erit

368 3134 605 3203 relegari
645 3152 713 3187 ex
751 3133 859 3186 illis
898 3132 1022 3185 aliis
1061 3130 1338 3193 avulsum,
1380 3131 1699 3198 praesertim
1744 3132 1810 3195 si,
1849 3131 2005 3201 quod
