2768 3911
19 768 74 801 ‘ln

18 939 73 975 OS

0 2667 57 2716 zti

1 2773 54 2804 n-

12 2846 56 2891 et

0 3011 55 3064 ili

699 369 880 404 LIBER
921 369 957 404 1.
980 383 1051 389 -—
1073 370 1365 406 EPISTOLA
1406 370 1478 406 1x.
1835 369 1903 421 47

282 499 459 551 Romae
510 496 695 547 amicis
746 513 805 547 ac
855 497 1007 547 notis.
1072 499 1154 548 De
1205 498 1328 548 aliis
1378 498 1528 548 sociis
1580 498 1637 547 in
1686 498 1906 547 Indiam

284 582 542 635 mittendis
553 601 573 641 ;
653 599 712 632 ac
789 583 848 632 de
926 588 1006 649 spe
1077 601 1169 633 sua
1243 590 1380 634 certa
1456 584 1625 634 uberis
1677 584 1904 651 fructus.

282 668 594 738 Spirituales
653 668 877 736 gratias,
937 669 1143 719 indulta
1206 669 1501 738 apostolica,
1560 676 1607 720 et
1669 669 1906 736 epistolas

283 754 532 821 longiores
584 754 856 805 desiderat.

397 936 539 980 Deest
570 936 848 995 principium
873 937 919 979 in
946 938 1234 995 autographo
1274 933 1556 994 Mussiponti
1587 944 1786 980 servato.
1851 932 1855 934 ’

471 1198 796 1250 ficationem
868 1200 1091 1260 domUS,
1159 1199 1342 1250 scribo
1419 1200 1587 1250 Petro
1652 1192 1908 1251 Codac'io

286 1284 415 1352 quid
482 1284 608 1338 istic
686 1304 852 1354 agere
927 1286 1149 1338 debeat.
1244 1284 1384 1337 Mihi
1458 1278 1773 1348 videbatur3
1850 1284 1907 1337 in

287 1370 388 1422 hoc
441 1370 670 1438 quidem
729 1371 1015 1428 trimestre
1071 1388 1258 1423 vernae
1316 1388 1487 1439 quam
1545 1371 1909 1438 auspicamur

285 1457 641 1525 tempestatis
706 1475 906 1526 parum
973 1464 1290 1526 opportune
1348 1456 1403 1508 id
1463 1457 1755 1525 negotium
1816 1475 1906 1509 oc-

286 1560 601 1603 cursurum;
676 1533 870 1611 utique
931 1545 1079 1595 inter
1139 1552 1447 1610 apparatus
1508 1543 1717 1594 atrocis
1778 1543 1907 1594 belli

286 1629 432 1698 quod
498 1621 709 1682 instare
774 1629 981 1683 dicitur
1044 1647 1112 1682 ex
1169 1629 1410 1682 finitima
1474 1627 1689 1690 Africa;
1758 1629 1907 1703 unde

285 1716 602 1784 frequentes
654 1726 709 1769 et
763 1718 1074 1768 concordes
1131 1716 1384 1768 indicant
1442 1715 1651 1777 nuncii,
1715 1710 1906 1784 conju—

285 1795 477 1854 ratum*
513 1821 681 1854 omne
736 1804 1064 1854 Maurorum
1119 1821 1327 1853 nomen
1380 1801 1752 1869 irruptionem
1807 1802 1906 1853 mi-

287 1888 477 1957 nitari⁸
521 1888 1095 1942 tumultuosissimam
1172 1889 1226 1940 in
1301 1896 1480 1941 terras
1562 1888 1906 1942 Lusitanicae

286 1973 530 2027 ditionis
1152 1967 1155 1968 ⁷

353 2060 750 2130 Tranquilliori
813 2068 1070 2130 tempore
1132 2061 1373 2112 multum
1426 2060 1499 2111 ad
1552 2060 1629 2111 rei
1688 2076 1906 2112 succes-

286 2162 402 2197 sum
469 2148 787 2199 conferrent
847 2155 1150 2216 procurata
1209 2148 1335 2198 istic
1393 2147 1576 2197 officia
1635 2147 1907 2198 Cardina-

287 2233 415 2285 lium
463 2237 841 2302 gratiosorum
889 2237 1037 2302 apud
1088 2254 1296 2302 regem,
1347 2235 1391 2285 si
1438 2253 1568 2285 eum
1612 2234 1906 2301 dignaren-

286 2329 371 2372 tur
422 2323 701 2374 accuratis
751 2323 954 2376 litteris
1015 2323 1235 2384 docere,
1299 2340 1469 2388 quam
1533 2320 1744 2373 utiliter
1803 2320 1903 2373 im-

286 2410 621 2474 penderetur
666 2409 818 2478 regia
863 2408 1104 2477 pecunia
1148 2408 1204 2462 in
1248 2406 1730 2462 constructionem
1777 2406 1907 2462 talis

288 2492 503 2549 domus.
546 2494 759 2564 [Credo
806 2494 862 2548 in
909 2496 1019 2550 isto
1066 2512 1301 2549 numero
1347 2493 1706 2564 peculiariter
1750 2511 1904 2548 caro·

287 2596 403 2633 rum
469 2582 584 2653 regi
649 2590 1086 2653 purpuratorum
1152 2589 1378 2652 patrum
1444 2570 1567 2633 esse
1632 2581 1904 2642 Cardina-

287 2663 390 2716 lem
462 2671 830 2736 Carpensem,
897 2678 1234 2736 argumento
1276 2671 1430 2740 ¹inde
1494 2671 1685 2728 ducto,
1752 2671 1903 2734 quod

288 2751 431 2806 hunc
490 2758 561 2807 D.
619 2758 788 2807 Petro
850 2757 1048 2808 intime
1110 2755 1443 2807 familiarem
1507 2754 1664 2806 novi:
1732 2773 1904 2821 quare

288 2839 765 2895 commendatitiae
818 2843 888 2894 ab
941 2861 1008 2894 eo
1061 2842 1398 2909 impetratae,
1454 2841 1535 2893 uti
1588 2849 1642 2893 et
1689 2858 1722 2892 a
1769 2841 1903 2892 Car—

288 2922 454 2979 dinali
510 2928 611 2981 SS.
669 2929 926 2997 Quatuor
979 2916 1415 2991 Coronatorum,
1464 2935 1519 2979 et
1566 2926 1611 2979 si
1663 2942 1903 2995 quorum

291 3010 523 3068 aliorum
570 3015 821 3069 amicitia
867 3032 995 3068 cum
1043 3015 1164 3084 ejus
1213 3014 1515 3083 Majestate
1555 3029 1668 3064 non
1710 3012 1904 3081 ignota

288 3100 442 3153 vobis
506 3104 596 3167 sit,
662 3104 966 3173 plurimum
1033 3103 1153 3155 sine
1225 3102 1396 3153 dubio
1460 3102 1743 3169 juvarent.
1827 3099 1904 3151 Hi

293 1109 420 1276 Q
446 1124 587 1161 UOD
629 1127 816 1178 regem
859 1111 1064 1162 attinet
1105 1118 1160 1162 et
1202 1111 1619 1179 eleemosynam
1661 1112 1733 1161 ad
1775 1110 1906 1161 aedi-
