2768 3911
673 397 855 434 LIBER
896 397 1367 434 11.—EP1sTor„A
1410 397 1445 433 1.
1807 384 1874 449 67

243 529 482 587 confido.
547 527 783 578 Interim
828 526 1062 589 meritiS‚
1110 534 1166 578 et
1212 526 1612 594 deprecatione
1661 533 1877 579 sanctae

249 615 445 673 Matris
490 613 782 675 Ecclesiae,
833 614 993 681 cujus
1038 630 1304 681 magnam
1358 612 1541 664 habeo
1587 613 1878 675 fiduciam,

246 707 492 769 itemque
544 699 801 752 vivorum
867 699 990 766 ejus
1055 699 1459 760 membrorum,
1516 717 1583 750 ex
1636 717 1885 766 quorum,

248 805 479 843 numero
556 803 657 837 vos
732 785 885 847 estiS,
962 785 1223 853 precibus
1297 803 1410 836 non
1480 785 1674 836 diffido
1740 785 1879 846 fore,

248 886 303 932 ut
362 874 626 927 Christus
682 873 966 925 Dominus
1019 881 1228 935 noster,
1289 891 1389 940 per
1450 891 1558 935 me,
1621 872 1883 940 quamvis

251 956 495 1019 servum'
540 951 806 1028 nequam,
870 959 927 1012 in
988 958 1345 1013 ethnicorum
1408 965 1559 1012 terra
1623 960 1881 1027 Evange-

250 1051 380 1103 lium
434 1054 583 1100 serat
637 1065 830 1098 suum:
887 1065 1017 1098 cum
1070 1045 1407 1113 praesertim,
1458 1045 1503 1098 si
1552 1045 1736 1098 inutili
1784 1044 1882 1097 ho-

254 1134 549 1188 muncione
617 1134 689 1183 ad
753 1141 981 1183 tantum
1052 1151 1194 1199 opus
1264 1142 1476 1193 utatur,
1544 1152 1610 1182 ea
1674 1151 1763 1183 res
1827 1141 1884 1182 et

253 1222 379 1276 viris
431 1222 502 1273 ad
563 1237 800 1289 magnas
854 1237 942 1270 res
1003 1219 1153 1271 natis
1215 1219 1479 1271 dedecori
1542 1219 1731 1272 futura
1793 1219 1885 1282 sit,

255 1318 305 1363 et
356 1308 541 1377 pusilli
594 1307 769 1359 animi
823 1305 1149 1358 hominibus
1203 1305 1605 1358 incitamento:
1674 1305 1885 1374 quippe

258 1414 380 1450 cum
446 1394 677 1446 videant
740 1410 848 1454 me,
913 1392 1009 1460 qui
1072 1409 1196 1443 sum
1257 1391 1440 1459 pulvis
1499 1399 1555 1444 et
1613 1391 1773 1454 ciniS,
1833 1399 1889 1445 et

259 1481 507 1535 omnium
593 1478 1030 1549 perditissimuS,
1112 1486 1319 1530 testem
1395 1497 1519 1530 esse
1600 1478 1889 1531 oculatum

261 1585 512 1629 summae,
563 1583 689 1634 quae
739 1566 815 1616 ibi
865 1573 969 1626 est,
1027 1564 1415 1632 operariorum
1473 1565 1744 1632 penuriae.
1815 1566 1890 1615 E-

263 1654 484 1722 quidem
546 1652 787 1704 libenter
848 1668 1072 1703 servum
1137 1669 1227 1702 me
1280 1650 1337 1702 in
1390 1658 1729 1718 perpetuum
1795 1651 1892 1703 ad-

264 1742 446 1793 dicam
494 1739 579 1800 iis,
630 1738 725 1806 qui
757 1737 890 1790 'huc
941 1736 1178 1805 profecti
1235 1757 1394 1789 suam
1450 1757 1683 1805 operam
1737 1757 1890 1790 com-

266 1827 445 1878 munis
504 1826 737 1877 Domini
790 1827 971 1877 vineae
1025 1827 1365 1877 addixerint.

336 1914 536 1980 Itaque
598 1912 770 1963 finem
835 1911 1040 1964 faciam
1100 1911 1400 1975 scribendi,
1462 1913 1648 1964 Deum
1707 1912 1895 1965 obtes-

271 2007 410 2062 tanS,
464 2007 525 2051 ut
579 2016 681 2066 pro
735 2017 836 2050 sua
891 1999 1171 2050 immensa
1226 1998 1619 2063 misericordia
1667 2016 1771 2050 nos
1823 1998 1896 2050 ad

272 2105 424 2139 suam
486 2087 793 2155 aliquando
854 2085 1184 2139 felicitatem
1249 2095 1533 2155 aggreget,
1588 2088 1660 2139 ad
1724 2105 1895 2155 quam

272 2174 397 2227 facti
460 2192 656 2226 sumus
672 2193 684 2235 3
753 2182 808 2226 et
863 2164 1029 2225 simul
1083 2173 1140 2224 in
1194 2173 1300 2225 hac
1352 2174 1469 2226 vita
1521 2174 1669 2225 vires
1730 2173 1895 2225 nobis

275 2271 487 2330 augeat,
548 2280 660 2330 quo
719 2260 974 2313 sedulam
1034 2260 1129 2324 illi,
1186 2268 1246 2314 ut
1299 2280 1401 2329 par
1459 2269 1562 2324 est,
1625 2268 1900 2314 navantes

277 2367 518 2415 operam,
595 2349 666 2400 ad
739 2348 860 2416 ejus
936 2355 1137 2400 nutum
1204 2355 1259 2400 et
1323 2348 1676 2400 voluntatem
1747 2355 1902 2400 totos

278 2453 373 2488 nos
425 2454 836 2505 usquequaque
889 2434 1331 2488 conformemuS.
1399 2435 1616 2488 Valete.

348 2582 482 2633 ΧΠ.
542 2544 778 2634 Kalend.
836 2582 1043 2634 octob.
1100 2582 1247 2633 Anni
1305 2583 1622 2633 MDXLII.
1683 2583 1843 2634 coae.

419 2728 622 2781 Vester
674 2727 888 2780 inutilis
942 2726 1113 2780 frater
1167 2728 1221 2779 in
1278 2727 1527 2789 Christo,

1030 2874 1411 2926 FRANCIscus
1454 2890 1533 2925 DE
1581 2874 1835 2926 XAVIER.
