2692 3907
752 349 820 413 38
1153 363 1336 398 LIBER
1378 364 1414 400 1.
1438 364 1824 400 —EPISTOLA
1862 363 1988 399 vm.

752 494 898 544 ultro
951 511 1017 543 ac
1070 494 1221 559 large
1276 496 1331 545 in
1386 512 1616 546 omnem
1670 496 1740 546 de
1794 495 1957 545 nobis
2004 494 2219 560 optime
2267 511 2380 545 me-

752 579 911 630 rendi
953 579 1314 630 sedulitatem
1357 580 1693 631 occurrenti.
1752 581 1879 647 Quo
1930 579 2159 630 nomine
2206 598 2381 647 quan-

753 674 876 718 tum
946 666 995 716 ei
1064 665 1241 718 simus
1309 667 1586 730 obstricti,
1658 667 1764 719 nisi
1830 674 1884 720 et
1947 684 2384 735 agnosceremus

753 759 807 804 et
871 751 1285 819 profiteremur,
1351 752 1506 815 nisi,
1542 752 1793 821 inquam,
1858 751 2207 821 quotidianis
2259 770 2382 804 ora-

750 838 1001 890 tionibus
1064 856 1130 889 ac
1193 839 1501 902 sacrificiis,
1568 840 1755 907 quoad
1810 857 2130 906 possumUS,
2186 857 2382 907 repen-

754 926 885 976 dere
940 944 1295 987 conaremur,
1352 928 1690 994 quantulum
1736 945 1767 976 a
1811 935 2005 977 nostra
2058 935 2246 994 potest
2305 927 2383 976 in-

753 1012 1023 1064 firmitate
1086 1013 1387 1079 proficisci,
1452 1013 1856 1080 praestantibus
1916 1013 2132 1065 meritis
2187 1030 2383 1065 eorum

152 1023 163 1197 3
755 1097 849 1164 qui
905 1097 1068 1149 nobis
1121 1098 1192 1148 ad
1248 1098 1354 1149 Dei
1409 1099 1745 1167 obsequium
1799 1099 2137 1167 adjuvandis
2185 1118 2250 1150 ac
2304 1099 2381 1149 fo·

752 1186 951 1236 vendis
999 1202 1121 1236 sese
1169 1186 1465 1253 insigniter
1512 1187 1917 1238 commendant
1966 1186 2021 1237 in
2070 1194 2381 1254 conspectu

161 1255 205 1354 g}
755 1272 961 1324 divinae
1033 1272 1380 1339 Majestatis;
1434 1290 1676 1340 rgravem
1747 1272 1940 1340 utique
2004 1272 2380 1325 consciscere-

161 1328 208 1444 }{
755 1377 881 1410 mus
952 1364 1197 1427 culpam,
1272 1367 1326 1412 et
1399 1359 1552 1412 foeda
1624 1359 1993 1428 ingratissimi
2065 1361 2240 1413 animi
2309 1361 2380 1413 ad

202 1484 207 1539 ¹
754 1445 1035 1512 insignem
1077 1445 1492 1512 turpitudinem
1534 1445 1657 1497 labe
1700 1444 2066 1507 inureremur,
2109 1445 2224 1498 vita
2267 1446 2390 1512 ipsa

155 1529 160 1575 l
754 1530 989 1601 indigni,
1056 1531 1279 1600 quoties
1345 1532 1454 1584 ulla
1518 1551 1621 1583 nos
1689 1532 1809 1584 dies
1862 1540 2120 1601 argueret
2175 1550 2389 1585 memo-

156 1585 208 1664 l¹
756 1619 897 1670 riam
977 1619 1180 1671 affectu
1245 1619 1748 1686 obsequiosissimo
1822 1619 2186 1686 conjunctam
2243 1618 2390 1684 regis

123 1703 209 1790 {g
760 1706 1072 1757 Lusitaniae
1129 1706 1370 1775 Joannis
1429 1706 1654 1773 patroni
1709 1724 1774 1757 ac
1826 1690 2205 1758 benefactoris
2259 1724 2385 1757 nos-

123 1790 209 1899 {lg
755 1791 825 1842 tri
896 1791 1291 1853 liberalissimi,
1363 1810 1476 1843 non
1546 1810 1673 1843 cum
1743 1792 1873 1844 vitae
1933 1791 2110 1859 ipsius
2180 1799 2389 1843 nostrae

125 1871 210 1938 ‘ft'
756 1878 1108 1944 quantalibet
1164 1878 1537 1929 diuturnitate
1592 1895 1937 1944 coaequasse.

164 1956 170 2041 ζ
833 1963 1040 2016 Paulus
1094 1971 1148 2016 et
1202 1963 1343 2015 alius
1401 1963 1727 2025 LusitanUS,
1783 1981 1873 2015 me
1927 1963 2064 2031 ipsis
2118 1963 2391 2030 adjuncto

167 2063 172 2121 ζ
755 2050 943 2111 terti0‚
1017 2049 1253 2101 soluturi
1328 2067 1523 2101 sumus
1584 2049 1698 2101 'hac
1766 2048 2125 2101 hebdomade
2197 2067 2392 2101 versus

761 2136 972 2188 Indias.
1044 2137 1185 2204 Spes
1229 2155 1436 2203 magna
1472 2155 1576 2187 nos
1621 2143 1777 2188 tenet
1827 2136 1930 2188 Dei
1983 2135 2217 2187 Domini
2264 2155 2391 2188 nos-

759 2226 830 2276 tri
884 2226 1130 2292 benigno
1183 2225 1390 2276 auxilio
1445 2225 1708 2286 confiSOS‚
1758 2225 1944 2276 uberis
1997 2237 2064 2276 ex
2120 2224 2188 2277 iis
2232 2224 2397 2277 terris

173 2323 212 2380 ¹}
685 2318 687 2320 ’
761 2311 817 2364 in
887 2310 1159 2364 Ecclesiae
1226 2310 1428 2363 horrea
1495 2310 1695 2363 messis
1740 2309 2091 2364 >inferendae⁸
2171 2312 2251 2365 Ut
2317 2310 2397 2363 sic

764 2398 1066 2467 opinemur
1130 2408 1360 2449 movent
1428 2418 1552 2467 quae
1618 2399 1760 2449 mira
1812 2398 2130 2450 referuntur
2181 2417 2213 2450 a
2264 2399 2397 2450 viris

760 2487 953 2555 probis
1007 2504 1198 2540 coram
1253 2487 1490 2550 intuitis,
1538 2487 1748 2554 quippe
1794 2503 1894 2553 per
1946 2503 2127 2540 annos
2181 2486 2392 2540 multos

760 2574 818 2623 in
876 2573 1040 2624 India
1092 2573 1347 2634 versatis,
1394 2573 1463 2623 de
1511 2573 1783 2640 praeclara
1836 2573 2210 2640 dispositione
2261 2594 2393 2641 gen-

176 2656 194 2717 ἐξ
640 2700 644 2703 .
761 2661 904 2711 tium
977 2661 1197 2711 illarum
1271 2662 1342 2711 ad
1410 2662 1726 2711 audiendos
1798 2661 1892 2728 qui
1967 2661 2200 2712 meliora
2268 2677 2392 2712 sua-

763 2746 954 2807 deant,
1020 2753 1075 2798 et
1140 2745 1380 2797 salutem
1443 2745 1693 2797 oblatam
1758 2745 2078 2797 animarum
2150 2744 2398 2811 amplec-

767 2831 1023 2882 tendam.

844 2920 1099 2972 Dimittit
1163 2936 1266 2972 nos
1329 2936 1423 2971 rex
1486 2918 1671 2971 omnis
1733 2919 1954 2984 generis
2007 2935 2039 2971 a
2093 2935 2151 2971 se
2204 2918 2400 2986 gratiis

767 3004 964 3071 plenos
1017 3004 1476 3072 cumulatosque;
1549 3006 1983 3055 commendatos
2036 3004 2172 3073 quin
2226 3005 2399 3055 etiam

768 3094 1201 3157 diligentissime
1255 3093 1473 3163 proregi
1522 3109 1690 3160 quem
1748 3093 1856 3165 hoc
1908 3109 2058 3151 anno
2112 3092 2287 3151 mittit
2342 3093 2397 3145 in
