2815 3911
741 375 924 414 LIBER
963 377 1417 419 V.—EPISTOLA
1458 379 1544 418 111.
1851 364 1954 429 383

322 504 445 568 buS,
499 505 768 559 aerumnis
816 524 883 560 ac
926 506 1188 576 periculis
1233 508 1663 580 diligentissime
1709 506 1956 577 scripsit.

324 591 468 660 Ejus
508 592 648 645 socii
688 601 817 662 post
858 594 1170 647 discessum
1209 598 1437 650 navium
1478 617 1545 649 ex
1576 596 1806 648 Moluco
1840 603 1959 658 tres

323 694 549 732 menses
598 679 924 734 hiemarunt
970 681 1026 733 in
1076 683 1376 737 Amboino.

398 764 645 818 Interim
683 766 936 835 Joannes
977 766 1145 819 Beira
1183 788 1250 820 eo
1289 789 1355 821 ex
1397 768 1654 822 Maurica
1692 767 1848 821 venit
1887 768 1960 820 ad

328 850 686 918 praefectum,
751 860 1031 920 rogatum,
1102 861 1162 906 ut
1241 855 1646 907 Lusitanorum
1724 871 1962 905 manum

333 937 606 991 Mauricis
659 936 983 991 christianis
1047 938 1252 992 auxilio
1305 939 1575 994 mitteret.
1633 940 1966 999 Revertenti

326 1025 383 1076 in
435 1024 753 1076 Mauricam
801 1044 868 1076 ex
915 1025 1142 1077 Moluco
1188 1026 1379 1078 nescio
1425 1027 1562 1095 quid
1607 1026 1686 1078 illi
1738 1024 1967 1094 gravius

332 1110 613 1165 accidisse
664 1111 887 1174 dicitur,
941 1113 1092 1179 quod
1145 1131 1248 1181 ego
1301 1130 1485 1182 neque
1530 1113 1696 1167 ullius
1741 1112 1965 1176 litteris,

339 1217 523 1267 neque
561 1195 787 1250 'idoneis
828 1195 1153 1250 auctoribus
1195 1199 1465 1268 comperi.
1513 1198 1660 1251 Illud
1700 1217 1806 1268 pro
1844 1210 1965 1251 ‘cer-

335 1295 397 1340 to
449 1287 728 1339 affirmare
779 1286 979 1349 aude0,
1033 1294 1307 1356 tanquam
1360 1304 1560 1340 aurum
1613 1287 1671 1340 in
1736 1286 1967 1341 fornace

338 1371 566 1442 probari
608 1389 724 1437 θος,
768 1371 863 1442 qui
907 1372 1093 1426 Deum
1136 1391 1202 1427 ac
1248 1372 1537 1442 proximos
1583 1372 1845 1443 diligunt.
1892 1373 1967 1427 E-

335 1460 564 1529 quidem
606 1460 758 1513 haud
798 1460 933 1523 SCio,
976 1480 1048 1513 an
1091 1479 1335 1529 usquam
1376 1461 1434 1513 in
1471 1468 1597 1514 toto
1629 1462 1765 1514 orbe
1792 1460 1967 1514 chris·

337 1546 496 1601 tiano
548 1547 603 1609 ii,
659 1547 753 1616 qui
809 1548 934 1600 Deo
986 1548 1215 1601 student
1280 1554 1334 1600 et
1400 1547 1568 1601 saluti
1622 1547 1968 1610 animorum,

335 1640 421 1686 tot
461 1632 749 1686 laboribus
786 1633 1075 1701 tantisque
1122 1632 1320 1687 mortis
1362 1632 1627 1701 periculis
1668 1651 1968 1687 exercean-

338 1729 448 1783 tur,
503 1728 643 1789 quot
688 1720 1030 1790 quantisque
1076 1720 1134 1771 in
1183 1720 1439 1773 Maurica
1484 1721 1733 1790 regione.
1782 1719 1969 1772 Velim

339 1807 526 1859 Deum
569 1805 888 1875 depreceris
929 1822 1032 1874 pro
1075 1805 1160 1870 iis,
1205 1806 1300 1875 qui
1344 1805 1474 1860 illuc
1519 1806 1723 1870 ierunt,
1772 1812 1827 1860 et
1874 1806 1968 1860 de-

337 1891 534 1962 inceps
586 1892 717 1947 ituri
770 1901 900 1947 sunt
915 1911 928 1955 ;
982 1891 1312 1962 propediem
1366 1891 1516 1946 enim
1581 1893 1726 1946 duos
1783 1899 1971 1946 tresve

337 1980 523 2034 socios
587 1981 787 2034 eodem
853 1980 1078 2034 mittere
1143 1980 1336 2033 statui.
1405 1980 1691 2033 Nimirum
1745 1979 1970 2049 opinor,

344 2067 629 2122 Mauricas
674 2067 886 2122 insulas
931 2067 1204 2138 plurimos
1249 2074 1459 2121 nostrae
1507 2066 1783 2122 Societati
1825 2084 1990 2122 mar·.

339 2165 491 2225 tyres
542 2157 846 2225 parituraS,
902 2165 963 2209 ut
1014 2157 1169 2209 brevi
1221 2174 1336 2209 non
1392 2156 1595 2218 Mauri,
1660 2157 1761 2210 sed
1824 2157 1972 2209 Mar-

339 2244 471 2313 tyrii
524 2243 723 2300 insulae
776 2244 888 2296 sint
946 2243 1317 2313 appellandae.
1387 2244 1589 2312 Itaque
1653 2241 1812 2306 socii,
1877 2240 1975 2312 qui

339 2329 514 2382 vitam
560 2329 900 2398 profundere
946 2336 1217 2397 expetunt
1262 2346 1365 2396 pro
1412 2327 1664 2392 Christo,
1711 2328 1865 2382 bono
1916 2347 1972 2380 a·

342 2416 498 2482 nimo
563 2417 694 2481 sint,
759 2416 1186 2486 percipiantque
1218 2415 1509 2485 gaudium
1575 2415 1742 2478 licet;
1806 2414 1977 2486 siqui·

341 2506 470 2558 dem
522 2513 785 2575 paratum
838 2504 1050 2557 habent
1111 2503 1477 2557 seminarium
1544 2502 1972 2573 martyriorum,

344 2593 438 2646 ubi
485 2593 856 2662 cupiditatem
903 2592 1166 2661 expleant
1212 2609 1393 2657 suam.

416 2679 721 2747 Navigatio
772 2679 830 2731 in
882 2678 1186 2748 Japoniam
1241 2694 1307 2730 ac
1368 2677 1586 2741 Sinas(
1649 2685 1711 2731 ut
1776 2693 1977 2732 omnes

346 2763 483 2817 mihi
536 2763 969 2832 praenuntiant)
1026 2770 1111 2816 est
1158 2782 1542 2816 aerumnarum
1590 2780 1658 2816 ac
1701 2753 1975 2831 periculo-

344 2868 469 2904 rum
521 2840 870 2920 plenissima.
927 2853 1052 2920 Ego
1106 2850 1384 2923 nihildum
1451 2869 1555 2903 usu
1617 2858 1977 2920 compertum

343 2937 561 2992 habeo:
605 2956 733 2991 cum
774 2938 904 2991 illuc
942 2938 1330 3001 transmiserO,
1372 2938 1525 3007 quod
1566 2945 1698 3007 post
1738 2938 1884 2991 duos
1920 2945 1978 2991 et

346 3025 710 3079 dimidiatum
776 3042 1032 3078 mensem
1099 3025 1349 3100 futur-um
1415 3024 1675 3087 arbitror,
1728 3024 1860 3077 inde
1919 3032 1979 3078 te

347 3110 651 3165 certiorem
699 3109 901 3163 faciam
950 3110 1019 3162 de
1066 3109 1330 3162 omnibus
1374 3110 1560 3162 rebuS.
1611 3110 1700 3163 Ita
1752 3110 1847 3163 ubi
1893 3117 1975 3174 tu,
