2768 3911
736 429 919 467 LIBER
959 429 1021 466 ΙΙ.
1043 444 1114 450 —
1136 430 1428 466 EPISTOLA
1466 430 1569 466 V11.
1867 428 1967 481 107

339 579 423 623 tra
475 580 644 633 quam
700 562 888 614 edicta
942 561 1204 613 sanciunt
1255 561 1496 629 publica,
1546 580 1605 612 se
1651 560 1838 612 adhuc
1884 560 1965 611 in-

340 651 640 723 gurgitant,
691 647 918 700 mulctae
965 648 1213 710 nomine,
1263 649 1406 699 duos
1458 648 1721 698 denarios
1772 666 1965 715 argen-

340 742 398 803 ti,
461 737 568 789 hoc
640 741 725 787 est
788 751 963 786 unum
1027 750 1324 786 nummum
1389 751 1555 802 quem
1623 741 1826 785 vocant
1876 734 1967 803 fa-

338 846 475 888 num,
558 822 761 890 exigat,
837 828 1224 888 praetereaque
1300 820 1429 873 talis
1509 820 1964 888 intemperantia-:⁴

340 918 657 980 compertas
722 910 778 960 in
845 908 1096 960 triduum
1166 907 1439 959 custodiae
1505 907 1811 975 mancipet.
1902 908 1966 960 Id

339 996 752 1052 inexorabiliter
797 995 1036 1046 omnino
1089 994 1360 1062 deinceps
1406 994 1818 1062 exequendum,
1867 1013 1967 1063 per

340 1103 534 1141 omnes
585 1101 763 1153 pagos
816 1090 872 1135 et
927 1088 1133 1134 cuncta
1187 1081 1314 1133 istic
1368 1079 1763 1133 conventicula
1808 1098 1964 1134 cura-

338 1174 420 1225 bis
486 1171 632 1224 clare
699 1169 1071 1237 promulgari:
1144 1186 1213 1219 ne
1275 1169 1403 1220 ictae
1462 1170 1673 1219 damno
1727 1168 1963 1220 ebriosae

338 1256 674 1310 mulierculae
739 1263 940 1323 postea
1004 1255 1386 1323 ignorantiam
1453 1263 1774 1307 causentur.
1857 1257 1962 1307 Pa-

339 1344 629 1412 tangatibus
691 1359 934 1409 quoque,
1000 1342 1116 1392 sive
1180 1340 1466 1408 magistris
1533 1341 1807 1402 vicorum,
1881 1341 1962 1392 di-

338 1438 479 1482 serte
541 1428 928 1490 denunciabis,
994 1428 1039 1479 si
1103 1446 1170 1479 ex
1222 1428 1330 1480 hoc
1383 1427 1651 1495 deinceps
1703 1435 1961 1495 tempore

340 1515 585 1568 Punicali
665 1514 883 1566 οννιιεῖιαι
966 1521 1210 1582 potetur,
1284 1514 1439 1582 ipsos
1518 1513 1573 1565 id
1652 1513 1790 1564 mihi
1856 1532 1959 1565 suo

336 1603 485 1671 gravi
539 1602 750 1655 damno
802 1601 1059 1654 luituros,

408 1687 745 1741 Matthaeum
799 1688 1116 1740 hortaberis
1170 1696 1230 1739 ut
1285 1705 1344 1738 se
1396 1689 1609 1739 bonum
1667 1688 1800 1739 mihi
1857 1688 1958 1739 fili-

338 1795 426 1829 um
484 1784 742 1845 praestet3
804 1786 1039 1839 certum,
1101 1777 1146 1828 si
1206 1777 1285 1829 ita
1342 1776 1553 1840 fecerit,
1616 1796 1648 1828 a
1707 1795 1797 1828 me
1852 1776 1959 1844 ipsi

336 1863 493 1932 longe
554 1864 679 1933 plus
740 1866 1020 1917 bonorum
1085 1882 1150 1917 ac
1212 1867 1646 1918 commodorum
1708 1865 1958 1917 tribuen-

336 1952 484 2014 dum,
544 1971 714 2020 quam
769 1961 1067 2021 expectare
1121 1972 1372 2022 unquam
1426 1962 1619 2022 posset
1674 1973 1706 2006 a
1758 1972 1957 2022 paren-

334 2038 479 2089 tibus
540 2039 800 2106 propriiS.
867 2040 1103 2091 Interim
1167 2041 1303 2091 dum
1362 2041 1636 2092 distineor
1688 2059 1758 2092 ne
1811 2041 1957 2093 istuc

334 2126 653 2191 perveniam
738 2145 850 2194 quo
927 2144 1187 2193 properO,
1267 2126 1353 2178 fac
1425 2127 1571 2178 serio
1648 2132 1957 2196 patangates

335 2209 469 2263 istos
548 2230 809 2265 moneas:
892 2215 1216 2276 emendent,
1292 2214 1338 2265 si
1412 2216 1657 2282 sapiunt,
1739 2222 1958 2267 mature

334 2314 531 2363 pravos
593 2317 726 2352 suos
779 2319 992 2363 mores;
1063 2300 1272 2369 alioqui
1326 2319 1717 2369 quoscumque
1770 2300 1827 2351 in
1882 2300 1958 2352 fa-

336 2383 640 2438 miliaribus
696 2386 849 2439 vitiis
907 2386 1138 2450 haerere,
1198 2387 1344 2440 istuc
1410 2387 1699 2455 appellens
1761 2388 1957 2456 depre-

333 2467 640 2533 henderim,
696 2473 1070 2525 deliberatum
1125 2473 1263 2525 mihi
1317 2492 1458 2536 esse,
1513 2491 1616 2540 pro
1669 2481 1956 2541 potestate

334 2573 364 2604 a
413 2567 653 2623 praetore
705 2568 960 2628 accepta,
1014 2559 1237 2612 vinctos
1291 2558 1572 2612 Cocinum
1624 2558 1828 2613 abduci
1870 2560 1957 2628 ju-

333 2641 475 2705 bere,
521 2662 625 2696 nec
672 2647 777 2697 sibi
824 2648 1188 2698 blandiantur
1231 2656 1507 2715 tanquam
1561 2646 1675 2699 cito
1729 2646 1957 2699 defunc-

333 2726 439 2778 turi
498 2729 651 2783 brevi
714 2749 902 2800 poena.
994 2734 1082 2783 Ex
1143 2733 1318 2783 animi
1382 2732 1590 2802 quippe
1661 2732 1771 2783 mei
1844 2751 1958 2784 cer-

331 2816 386 2862 ta
455 2817 736 2869 sententia
806 2819 1140 2885 pronunciO,
1209 2820 1475 2871 daturum
1544 2837 1634 2870 me
1699 2837 1951 2887 operam,

334 2914 399 2947 ne
468 2919 716 2970 unquam
791 2905 1119 2958 Punicalem
1188 2905 1368 2957 redire
1437 2905 1713 2957 sinantur.
1785 2907 1957 2958 Com-

332 2993 548 3049 pertum
608 2991 760 3044 enim
815 2993 953 3045 satis
1006 3001 1109 3056 est,
1163 2992 1508 3061 flagitiorum
1560 3010 1627 3044 ac
1680 2992 1956 3045 scelerum

332 3086 452 3137 quae
514 3075 640 3130 istic
702 3088 1104 3149 perpetrantur
1155 3080 1414 3149 plurima,
1471 3079 1727 3131 omnium
1781 3098 1955 3148 penes

333 3172 470 3211 unos
522 3162 676 3232 ipsos
729 3167 953 3237 culpam
1009 3168 1393 3237 invidiamque
1447 3167 1711 3220 residere.
