2692 3907
1118 394 1304 433 LIBER
1345 396 1419 433 IV.
1442 412 1516 418 ·-
1537 396 1833 434 EPISTOLA
1872 394 1951 433 VI.

1195 624 1379 684 EF]
1371 624 1420 684 S
1431 624 1495 684 T
1498 623 1685 685 OLA
1764 624 1875 684 VJ.

1056 854 1143 911 R.
1194 853 1273 911 P.
1326 843 1618 929 Ignatio
1691 852 2017 930 Loyolae.

785 1083 928 1133 Petit
985 1082 1179 1143 virum,
1236 1100 1268 1133 a
1320 1099 1417 1150 quo
1470 1082 1756 1141 acimum
1811 1082 2018 1132 idoneos
2072 1081 2197 1132 item
2250 1086 2357 1149 ope-

711 1169 900 1231 rarios,
931 1168 1112 1237 etjam
1144 1169 1352 1237 pridem
1380 1169 1666 1237 postulata.
1696 1170 1781 1219 De
1810 1167 2027 1219 consilio
2063 1167 2360 1237 Japom'am

712 1254 943 1306 adeundi
963 1274 983 1315 ;
1048 1255 1333 1323 superiores
1397 1254 1550 1306 sociis
1620 1254 1808 1323 ubique
1869 1253 2196 1323 praeficiendi
2216 1272 2235 1314 ;
2302 1253 2360 1305 de

703 1349 919 1413 precum
947 1344 1220 1407 deside·ri0,
1251 1344 1436 1413 quibus
1464 1344 1568 1412 ipse
1586 1344 1822 1412 juvetur.

789 1488 992 1541 Gratia
1045 1495 1100 1541 et
1155 1487 1405 1541 charitas
1461 1488 1698 1540 Domini
1754 1488 1934 1542 nostri
1980 1490 2118 1557 Jesu
2168 1487 2359 1541 Chris-

712 1572 755 1625 ti
810 1573 884 1625 sit
938 1572 1240 1624 nobiscum
1296 1574 1553 1641 semper!
1624 1574 1828 1624 Amen.

726 1729 862 1866 D
891 1749 1039 1786 EUS
1089 1733 1228 1785 mihi
1283 1733 1548 1785 conscius
1595 1741 1699 1796 est,
1750 1742 2105 1802 quantopere
2152 1732 2210 1785 in
2254 1733 2361 1786 hac

910 1837 1138 1887 quoque
1189 1819 1309 1871 vita
1346 1826 1402 1871 te
1439 1819 1633 1871 videre
1691 1827 1975 1887 expetam,
2021 1826 2184 1887 pater
2227 1818 2357 1871 cha-

712 1905 954 1967 rissime,
999 1913 1062 1957 ut
1104 1914 1297 1956 tecum
1347 1906 1541 1956 multis
1585 1906 1655 1956 de
1699 1907 1868 1956 rebus
1916 1906 2357 1967 communicem,

713 2010 840 2060 quae
888 2000 1048 2044 tuam
1097 2010 1265 2060 opem
1314 2009 1381 2044 ac
1428 1992 1745 2043 remedium
1796 1993 2158 2045 desiderant:
2209 1992 2360 2044 nulla

713 2077 867 2128 enim
920 2077 1174 2128 locorum
1231 2077 1418 2145 spatia
1472 2078 1704 2129 obstant
1759 2077 2120 2129 obedientiae.
2177 2078 2360 2129 Video

713 2164 771 2213 in
809 2164 897 2214 his
940 2165 1080 2214 locis
1109 2182 1138 2214 e
1169 2165 1459 2214 Societate
1503 2181 1627 2213 esse
1671 2164 2005 2230 permultos,
2054 2182 2359 2231 rursusque

713 2265 819 2301 nos
866 2248 1190 2300 animorum
1246 2255 1574 2300 nostrorum
1630 2249 1855 2317 medico
1903 2248 2146 2301 multum
2196 2266 2359 2316 egere

712 2334 899 2383 video.
947 2336 1073 2400 Ego
1101 2342 1159 2383 te
1186 2352 1288 2399 per
1328 2335 1528 2401 Jesum
1575 2333 1891 2383 Dominum
1936 2353 2036 2383 oro
2077 2343 2132 2385 et
2174 2335 2358 2385 obtes-

712 2428 821 2482 tor,
866 2428 1031 2488 pater
1083 2419 1319 2488 optime,
1370 2428 1430 2470 ut
1478 2419 1567 2470 his
1614 2437 1841 2489 quoque
1895 2420 2025 2470 filiis
2080 2420 2212 2484 tuis,
2262 2420 2358 2490 qui

714 2506 771 2557 in
828 2506 996 2558 India
1047 2523 1359 2566 versamur,
1415 2506 1750 2572 prospiciaS,
1810 2506 2110 2572 virumque
2164 2507 2360 2560 mittas

713 2588 962 2659 aliquem
1015 2588 1226 2641 virtute
1274 2611 1340 2640 ac
1388 2588 1695 2641 sanctitate
1748 2597 2142 2657 praestantem,
2199 2589 2359 2659 cujus

712 2678 873 2744 vigor
902 2685 956 2729 et
991 2678 1256 2729 alacritas
1300 2685 1592 2744 torporem
1638 2678 1846 2729 excitet
1891 2694 2102 2728 meum.
2151 2680 2360 2744 Magna

715 2779 806 2812 me
844 2779 974 2826 spes
1010 2767 1187 2821 tenet,
1229 2760 1501 2826 quoniam
1551 2750 1824 2812 divinitus
1871 2759 2193 2812 animorum
2233 2777 2359 2812 nos-

713 2855 931 2897 trorum
987 2846 1318 2896 affectiones
1364 2855 1488 2896 tute
1535 2846 1829 2913 perspicis,
1878 2846 1980 2894 abs
2022 2854 2079 2895 te
2127 2865 2359 2913 operam

714 2932 915 2983 datum
974 2932 1040 2983 iri
1101 2932 1418 2998 diligenter,
1474 2939 1536 2983 ut
1593 2932 1850 2982 omnium
1918 2939 2178 2983 nostrum
2239 2933 2357 2998 jam

713 3015 1088 3085 languescens
1133 3016 1314 3067 virtus
1356 3017 1428 3066 ad
1472 3015 1840 3084 perfectionis
1893 3014 2147 3067 studium
2195 3013 2358 3066 vehe-

716 3104 966 3157 mentius
995 3104 1281 3157 incitetur.

129 1083 158 2130 *‘:„f;2n.==a.s....:...:<sa:...‡...ffi.5;em,„02÷1„⁴„³-14:.2‚„.u-.-½„⁴
119 859 158 992 ’ῖ-ἶᾼᾎῖί-,Ᾰ
119 828 134 832 ’-
127 720 153 806 '‘“ff-ff.
117 557 154 706 ’15'23522'
126 515 142 531 ς
124 343 145 485 „wrm-Ipsi
125 314 127 320 ν
124 153 155 274 '‘LI-'1'
152 75 155 80 *
