2815 3911
674 348 857 389 LIBER
898 349 935 389 Ι.
958 369 1030 374 -
1052 352 1344 391 EPISTOLA
1385 355 1421 391 Ι.
1835 353 1867 403 3

232 491 285 542 in
363 481 567 536 studiis
638 500 799 544 meae,
874 483 1455 552 commorationisque
1526 482 1869 552 peregrinae;

202 580 332 628 'nec
401 569 515 622 fere
575 567 764 619 minus
837 569 992 620 domi
1058 569 1185 621 istic
1250 578 1382 632 tuae,
1444 569 1538 621 ubi
1600 568 1867 620 omnibus

231 659 484 714 abundas
530 655 868 717 commodis,
918 656 1126 707 sentire
1162 665 1232 708 -te
1279 656 1501 707 labores
1544 655 1866 723 vigiliarum

232 761 483 801 mearum
539 751 594 795 et
641 741 1004 797 difficultates
1063 744 1267 813 quibus
1315 744 1630 807 conflictor,
1692 762 1864 812 quam

233 853 319 889 me
387 831 577 900 ipsum
646 830 911 895 Lutetiae,
982 850 1094 901 quo
1162 832 1218 884 in
1284 831 1409 885 loco
1478 832 1646 885 rebus
1714 849 1866 900 saepe

232 917 561 975 necessariis
608 935 774 987 egeo:
832 936 945 971 non
992 919 1101 971 alia
1132 914 1220 972 ex
1266 937 1437 972 causa
1491 937 1664 988 quam
1712 919 1865 988 quod

231 1006 330 1061 tibi
391 1004 608 1073 optime
668 1005 924 1057 animato
985 1007 1055 1057 ad
1110 1006 1521 1058 sublevandum
1575 1024 1685 1068 me,
1752 1024 1867 1057 non

232 1094 366 1148 satis
418 1092 688 1144 distincte
735 1102 865 1148 sunt
915 1102 1227 1161 perspectae
1275 1095 1511 1150 minutae
1563 1112 1630 1145 ac
1676 1112 1867 1161 parvae

232 1181 559 1250 plerumque
621 1178 794 1241 dictu,
860 1180 957 1231 sed
1020 1180 1237 1232 eaedem
1300 1198 1469 1232 sensu
1533 1179 1865 1232 molestissi-

233 1285 354 1329 mae,
409 1264 782 1318 necessitates
836 1283 996 1319 meae.
1067 1267 1133 1318 In
1186 1265 1274 1319 his
1328 1284 1439 1319 una
1498 1284 1589 1319 me
1643 1273 1863 1319 susten-

231 1361 312 1408 tat
364 1365 493 1421 spes
545 1370 578 1404 a
632 1351 770 1404 mihi
823 1352 1281 1421 compertissima
1332 1352 1692 1406 humanitate
1748 1360 1867 1416 tua,

233 1440 543 1494 certissime
596 1448 993 1492 autumantem
1048 1440 1183 1503 fore,
1244 1449 1305 1492 ut
1359 1441 1527 1492 simul
1589 1458 1866 1510 cognove-

233 1528 305 1580 ris
368 1545 480 1595 quo
551 1536 607 1579 et
682 1536 898 1595 quanto
978 1528 1283 1595 indigeam,
1360 1529 1586 1580 abunde
1655 1529 1867 1580 submi-

233 1614 433 1667 nistres
486 1615 640 1682 quod
694 1633 837 1682 opus
902 1614 1086 1677 fuerit,
1154 1623 1210 1668 et
1275 1615 1569 1683 angustias
1634 1623 1869 1683 repente

236 1721 386 1756 meas
437 1701 591 1754 laxes
643 1701 797 1771 larga
850 1702 1121 1755 effusione
1174 1702 1529 1756 liberalitatis
1586 1709 1719 1755 tuae.

302 1789 449 1842 Ante
502 1786 607 1841 hos
654 1806 767 1841 non
822 1787 1031 1842 multos
1083 1788 1203 1841 dies
1251 1787 1363 1858 egit
1411 1787 1593 1842 otiose
1640 1780 1867 1842 mecum

239 1876 302 1928 R.
370 1875 538 1928 Pater
598 1875 663 1927 F.
733 1875 884 1928 Vear
963 1874 1132 1928 istinc
1203 1875 1259 1927 in
1343 1874 1493 1928 hanc
1582 1875 1866 1928 academi-

234 1979 321 2013 am
398 1963 707 2013 novissime
783 1963 1071 2030 appulsus.
1160 1965 1216 2013 Is
1292 1963 1523 2030 longum
1590 1971 1646 2013 et
1725 1963 1867 2013 mihi

235 2047 622 2099 dulcissimum
685 2049 756 2100 de
819 2049 981 2100 vobis
1044 2066 1366 2100 sermonem
1420 2048 1732 2116 ingreSSUS,
1799 2067 1867 2100 eo

234 2134 439 2187 sensim
517 2135 763 2198 devenit,
851 2143 911 2188 ut
990 2153 1103 2188 non
1182 2135 1565 2187 dissimularet
1645 2135 1864 2188 delatas

235 2222 302 2270 ad
362 2229 419 2272 te
480 2240 513 2272 a
573 2222 916 2290 quibusdam
980 2222 1117 2271 mihi
1181 2221 1472 2271 malevolis
1533 2239 1733 2288 graves
1796 2223 1866 2271 de

236 2325 321 2357 me
367 2309 641 2373 querelas,
691 2327 833 2373 quas
880 2311 1072 2368 etiam,
1122 2327 1249 2358 meo
1289 2316 1509 2373 rogatu,
1552 2308 1673 2358 fuse
1712 2317 1867 2358 totas

235 2390 514 2457 explicuit.
583 2391 642 2444 Si
696 2391 946 2459 dignaris
999 2390 1137 2443 mihi
1191 2392 1418 2443 credere
1472 2398 1668 2443 sancte
1721 2392 1865 2444 affir-

234 2478 407 2530 manti
485 2477 625 2531 falsa
689 2498 755 2531 ea
833 2486 888 2531 et
966 2498 1033 2531 ex
1095 2496 1243 2530 vano
1307 2476 1513 2530 hausta
1578 2477 1862 2531 malitiose

233 2558 465 2633 impingi
517 2581 749 2633 prorsus
796 2562 1085 2617 innocenti
1135 2561 1463 2626 fraterculo,
1513 2561 1862 2626 condolebis,

234 2647 365 2711 sciO,
421 2657 476 2701 et
530 2650 692 2701 facile
758 2650 1069 2701 aestimabis
1134 2666 1305 2717 quam
1371 2665 1560 2700 acrem
1632 2651 1862 2700 menda-

233 2749 322 2783 ces
379 2736 679 2787 calumniae
736 2737 947 2787 doloris
1000 2753 1230 2786 sensum
1293 2735 1508 2802 optime
1561 2735 1667 2785 sibi
1730 2753 1862 2785 con-

233 2819 346 2871 scio
397 2822 723 2874 inusserint.
790 2824 1011 2874 Tamen
1062 2823 1165 2874 tibi
1228 2822 1521 2873 verissime
1586 2822 1864 2872 confirmo

167 2979 171 2982 ,
231 2909 537 2972 patientius
604 2912 785 2962 multo
853 2912 1050 2962 tulisse
1119 2929 1209 2960 me
1280 2910 1625 2960 immeritam
1694 2909 1862 2960 famae

233 2997 469 3062 propriae
525 2999 829 3065 jacturam,
893 3018 1064 3066 quam
1130 2996 1449 3049 molestiam
1513 3016 1580 3048 ex
1643 3015 1711 3048 eo
1773 3015 1860 3048 ru-

234 3097 385 3137 more
448 3085 552 3140 tibi
617 3086 888 3149 oblatam,
955 3086 1024 3140 de
1089 3105 1200 3153 qua
1266 3083 1532 3139 distincte
1586 3082 1861 3139 ’referenti
