2815 3911
775 348 957 390 LIBER
997 322 1490 391 111.'—EP1sT0LA
1530 351 1591 391 11.
1892 352 1992 407 193

368 487 688 548 civitatibus
752 492 808 537 et
873 503 1216 554 magnopere
1284 486 1482 554 juvare
1548 493 1817 553 poterunt
1876 504 1994 537 rem

367 575 751 634 christianam,
824 580 880 623 et
951 572 1057 639 ipsi
1128 573 1385 624 omnium
1451 592 1659 634 rerum,
1729 573 1867 624 item
1932 582 1993 625 ut

365 669 420 719 in
473 659 789 720 Lusitania,
844 658 1135 711 habebunt
1189 659 1443 726 copiam:
1499 659 1729 721 etenim,
1779 668 1840 712 ut
1887 660 1994 712 illae

367 753 529 805 urbes
584 746 992 798 Lusitanorum
1046 745 1272 797 familiis
1319 745 1768 813 frequentantur,
1816 746 1991 799 imbe-

368 833 611 891 cillitatis
670 832 1114 899 morborumque
1174 831 1426 884 subsidia
1484 832 1679 900 utique
1733 851 1848 885 non
1902 832 1996 885 de-

368 929 562 983 erunt;
644 926 729 972 est
804 917 955 971 enim
1024 918 1325 987 utrobique
1389 926 1444 971 et
1521 918 1872 973 medicorum
1939 927 1995 973 et

368 1007 914 1064 medicamentorum
999 1004 1171 1058 satis.v
1241 1005 1314 1058 At
1398 997 1619 1059 caeteris
1698 1005 1756 1057 in
1838 1004 1995 1069 lociS,

368 1114 491 1167 quae
547 1091 807 1146 Lusitani
861 1110 975 1144 non
1028 1091 1302 1156 incolunt,
1358 1092 1680 1161 cujusmodi
1732 1101 1865 1145 sunt
1911 1110 1995 1156 ea,

367 1202 490 1254 quae
537 1199 640 1233 nos
692 1180 750 1231 in
796 1180 1102 1248 praesentia
1153 1198 1538 1249 peragramUS,
1595 1181 1994 1249 aegrotantium

368 1270 570 1324 auxilia
622 1276 934 1337 suppetunt
997 1268 1166 1321 nulla.
1235 1270 1301 1320 In
1367 1277 1607 1337 utraque
1673 1288 1869 1322 earum
1926 1268 2036 1322 ci?

365 1358 624 1419 vitatum,
679 1373 821 1424 quas
884 1357 1057 1409 modo
1119 1355 1252 1419 dixi,
1317 1355 1533 1408 civibus
1595 1356 1992 1408 exercitiorum

368 1443 741 1514 spiritualium
808 1461 912 1495 usu
972 1443 1295 1495 excolendis
1347 1443 1616 1511 praeclare
1674 1461 1845 1512 opera
1898 1461 1995 1494 na·
2060 1491 2062 1493 .

366 1531 500 1583 vari·
533 1537 742 1597 potest.

437 1617 658 1667 Abhinc
737 1616 1112 1682 quadriennio
1187 1616 1459 1668 solvimus
1535 1634 1601 1667 ex
1680 1615 1994 1677 Lusitania,

369 1721 432 1754 ex
492 1719 604 1770 quo
665 1708 925 1769 tempore
987 1719 1160 1753 unam
1224 1700 1459 1753 omnino
1522 1701 1623 1753 abs
1679 1708 1737 1754 te
1790 1700 1997 1770 episto-

367 1788 476 1840 lam
549 1788 620 1840 ab
698 1788 872 1850 Urbe,
949 1805 981 1840 a
1058 1788 1226 1840 Patre
1303 1786 1537 1840 Simone
1603 1806 1632 1840 e
1700 1787 1999 1841 Lusitania

366 1875 504 1927 duas
557 1874 768 1943 accepi.
825 1874 1005 1926 Valde
1058 1892 1216 1937 ave0,
1274 1874 1350 1926 mi
1415 1882 1595 1943 pater,
1651 1875 1721 1926 de
1767 1882 1841 1936 te,
1891 1893 1995 1926 eae-

365 1960 609 2029 terisque
685 1961 872 2023 sociis,
949 1961 1258 2029 quotannis
1341 1961 1556 2030 aliquid
1635 1980 1996 2030 cognoscere.

328 2048 495 2098 (Non
552 2047 751 2100 dubito
803 2048 940 2116 quin
994 2048 1229 2116 singulis
1282 2048 1447 2100 annis
1500 2049 1600 2100 des
1653 2048 1865 2116 aliquid
1921 2050 1993 2101 ad

366 2152 453 2185 me
524 2133 860 2197 litterarum,
937 2134 1082 2186 sicut
1158 2153 1262 2202 ego
1337 2136 1408 2188 ad
1484 2142 1540 2187 te
1605 2135 1739 2188 dare
1805 2135 1959 2188 soleo
1974 2154 1987 2198 3

366 2219 460 2272 sed
511 2238 725 2284 vereor,
780 2239 851 2273 ne
899 2220 1152 2290 utrisque
1200 2221 1673 2274 intercidentibus
1719 2221 1992 2290 epistolis,

366 2306 527 2360 sicuti
580 2325 684 2377 ego
736 2315 883 2371 tuaS,
939 2308 1018 2360 ita
1070 2316 1132 2360 tu
1181 2308 1433 2360 vicissim
1482 2309 1769 2359 desideres
1816 2326 1992 2359 meas.

369 2394 494 2444 Duo
547 2414 575 2445 e
631 2397 919 2447 Societate
981 2396 1091 2445 hoc
1153 2414 1303 2445 anno
1364 2396 1670 2447 veniebant
1729 2397 1785 2446 in
1842 2397 1993 2446 Indi-

366 2497 482 2538 am;
537 2483 635 2531 sed
689 2482 867 2542 navis,
923 2501 1034 2547 qua
1086 2481 1455 2560 vehebantur,
1506 2483 1761 2533 nondum
1808 2483 1992 2533 tenuit

368 2564 569 2618 Goam.
654 2568 862 2621 Utrum
945 2567 1002 2620 in
1085 2566 1445 2621 Lusitaniam
1527 2567 1838 2632 reverterit,
1921 2586 1993 2632 an

370 2648 706 2703 Mozambici
775 2652 862 2715 (in
916 2670 1028 2720 qua
1090 2653 1273 2704 insula
1317 2670 1490 2705 naves
1556 2654 1846 2706 Lusitanae
1900 2654 1996 2722 hy-

366 2732 597 2789 bernare
651 2738 868 2802 solent)
925 2738 1281 2803 hiemaverit,
1339 2739 1549 2791 nescio.

440 2823 715 2875 Pervelim
769 2827 930 2888 scire,
985 2834 1175 2877 utrum
1230 2835 1393 2877 vetus
1453 2827 1544 2877 ille
1598 2828 1816 2877 amicus
1869 2846 1995 2877 nos-

367 2915 452 2959 ter
516 2913 668 2964 mula
725 2914 981 2967 vehatur.
1062 2917 1212 2966 Nam
1271 2915 1315 2966 si
1378 2915 1692 2966 etiamnum
1754 2913 1996 2974 vehitur,

367 2992 622 3050 similiter
692 3009 753 3053 ut
825 3020 954 3054 cum
1027 3001 1321 3054 hominem
1393 3002 1522 3055 istic
1593 3000 1809 3069 reliqui,
1879 3018 1994 3052 ma-

369 3095 533 3147 gnam
593 3086 715 3155 ejus
773 3087 1222 3142 imbecillitatem
1283 3106 1406 3142 esse
1464 3095 1707 3158 oportet,
1762 3087 1857 3155 qui
1911 3094 1997 3138 tot

1755 3199 1823 3259 13
