2815 3911
1914 352 2015 405 391

855 486 1071 546 EPJS
1083 487 1143 545 T
1147 485 1331 546 OLA
1441 486 1549 545 Vl.

472 660 549 718 P.
601 655 912 739 Gaspari
962 662 1266 722 Barzaeo
1317 660 1709 723 Societatis
1753 660 1932 738 Jesu
1988 727 1990 729 ,

710 759 1135 821 Armusiam
1183 760 1697 838 proficiscenti.

457 931 693 999 Perfecta
740 931 846 982 viri
889 932 1181 1000 Apostolici
1213 933 1412 1000 forma,
1461 938 1506 982 et
1550 932 1743 1000 agendi
1787 931 1945 981 ratio.

563 1114 599 1149 N
622 1114 717 1149 TE
759 1098 953 1149 omnia
992 1098 1073 1150 tui
1103 1106 1409 1161 memento,
1444 1099 1568 1150 Deo
1597 1096 1865 1165 primum,
1903 1103 2017 1150 tuae

573 1185 778 1238 deinde
831 1186 1193 1239 conscientiae
1249 1185 1626 1238 satisfaciens.
1701 1183 1810 1236 His
1863 1183 2015 1236 enim

383 1280 535 1325 recte
589 1271 844 1342 fungenti
897 1273 1093 1325 officiis
1146 1274 1384 1335 duobu5,
1434 1291 1616 1341 prona
1657 1271 1897 1324 facultas
1937 1271 2015 1323 af-

382 1360 516 1412 fluet
571 1360 888 1428 ingentium
936 1378 965 1411 e
1011 1361 1398 1429 proximorum
1454 1360 1660 1411 animis
1714 1359 2015 1410 eliciendo-

381 1464 505 1498 rum
568 1442 945 1514 profectuum.
1013 1449 1078 1499 In
1142 1446 1455 1500 ministeria
1516 1445 1753 1497 humilia
1810 1444 1899 1498 fac
1957 1453 2015 1498 te

381 1551 606 1602 semper
651 1534 940 1602 quoddam
989 1534 1178 1586 studio
1225 1540 1624 1601 exaggeratum
1671 1532 1832 1600 quasi
1873 1550 2013 1600 pon-

380 1622 485 1673 dus
539 1621 790 1673 inclinet.
849 1622 957 1673 His
1004 1621 1155 1672 enim
1203 1629 1260 1672 te
1307 1639 1590 1682 exercens,
1640 1619 1870 1688 parabis
1916 1638 2012 1671 au-

377 1707 648 1775 gebisque
693 1707 1097 1759 demissionem
1142 1708 1336 1769 animi,
1383 1705 1556 1775 quare
1600 1707 1813 1759 nemini
1857 1725 2011 1759 com—

379 1794 592 1856 mittas,
639 1795 737 1845 sed
781 1812 881 1861 per
922 1802 978 1844 te
1022 1794 1195 1845 obeas
1239 1812 1462 1855 censeo,
1511 1793 1745 1845 minime
1793 1794 2010 1860 specio-

377 1898 498 1932 sam
558 1881 992 1948 occupationem
1052 1881 1373 1933 inculcandi
1433 1881 1723 1933 memoriae
1783 1881 2008 1932 rudium

373 1968 660 2020 orationes
702 1986 842 2037 quas
882 1976 1075 2019 tenere
1118 1976 1308 2019 mente
1347 1967 1639 2019 christiani
1676 1986 1878 2020 omnes
1913 1969 2007 2020 de-

372 2056 529 2108 bent.
588 2057 712 2107 Has
763 2055 1039 2107 verbatim
1096 2055 1480 2107 ediscentibus
1532 2055 1819 2123 patienter
1870 2055 2008 2123 praei

374 2144 501 2196 filiis
542 2152 596 2198 et
637 2145 858 2197 filiabus
898 2144 1323 2207 Lusitanorum,
1364 2152 1485 2195 tum
1527 2144 1860 2195 eorumdem
1895 2163 2005 2195 ser-

372 2230 457 2283 vis
503 2231 852 2300 ancillisque,
901 2238 1192 2299 postremo
1241 2232 1635 2298 indigenarum
1683 2232 1891 2284 liberis.
1941 2234 2006 2284 Id

373 2320 467 2388 qui
521 2328 578 2371 te
632 2338 796 2387 agere
849 2319 1042 2370 sedulo
1094 2319 1356 2381 viderint,
1413 2320 1569 2371 omni
1615 2318 1874 2387 profecto
1921 2338 2005 2372 ar-

371 2407 646 2474 rogantiae
695 2407 1017 2474 suspicione
1071 2405 1395 2468 absolvent3
1452 2415 1750 2475 tantoque,
1808 2415 1867 2460 ut
1922 2416 2007 2460 est

368 2494 551 2561 pellax
597 2494 669 2545 ad
717 2493 1159 2546 aestimationem
1213 2494 1406 2561 opinio
1455 2495 1773 2557 modestiae,
1821 2503 1878 2547 te
1926 2495 2006 2546 di-

366 2580 623 2647 gniorem
672 2580 1012 2647 judicabunt
1068 2580 1155 2631 cui
1215 2598 1275 2631 se
1329 2582 1618 2632 docendos
1672 2600 1799 2649 quae
1847 2582 2004 2649 igno-

366 2674 493 2720 rant
535 2668 604 2719 de
646 2666 973 2719 christianae
1025 2666 1311 2734 religionis
1359 2669 1645 2736 mysteriis
1690 2670 2005 2736 praebeant.

441 2753 727 2820 Pauperes
771 2753 827 2803 in
876 2752 1339 2819 ptochotrophiis
1387 2762 1442 2805 et
1491 2756 1841 2807 nosocomiis
1888 2774 2004 2807 cre-

363 2840 466 2894 bro
519 2841 746 2904 invises,
797 2849 850 2891 et
901 2841 1139 2890 subinde
1189 2840 1583 2892 adhortaberis
1631 2843 1702 2893 ad
1751 2843 2003 2895 rationes

364 2946 493 2980 cum
539 2946 639 2981 sua
683 2929 958 2995 cujusque
1002 2929 1353 2981 conscientia
1387 2933 1712 2997 ponendas;
1750 2933 1998 2984 excitan-

363 3015 436 3066 do
482 3014 635 3083 ipsos
688 3015 759 3067 ad
814 3013 1231 3066 confessionem
1288 3023 1341 3067 et
1397 3017 1824 3085 perceptionem
1884 3020 1997 3070 Eu-

362 3101 665 3162 charistiae‚
723 3120 961 3169 quarum
1017 3100 1108 3150 illa
1162 3110 1397 3167 peccata
1452 3103 1637 3155 deleat
1686 3106 1992 3171 praeterita,
