2692 3907
719 433 824 485 270
1120 432 1303 469 LIBER
1344 431 1420 468 IV.
1443 445 1515 452 ---
1538 430 1831 468 EPISTOLA
1871 430 1947 466 IV.

792 564 936 616 Haec
977 560 1170 614 omnia
1209 579 1277 614 eo
1321 560 1500 613 fusius
1528 561 1601 613 ad
1627 578 1729 613 vos
1764 560 1967 622 scrib0,
2011 567 2070 611 ut
2111 558 2347 627 hujusce

718 667 861 703 meae
924 649 1323 702 sollicitudinis
1384 648 1710 717 participeS,
1774 665 2064 716 magnum,
2123 654 2185 698 ut
2244 664 2348 714 par

717 746 823 803 est,
877 737 1117 808 capiatis
1164 737 1417 790 dolorem
1466 756 1533 789 ex
1577 744 1697 789 tam
1747 734 2052 787 miserabili
2098 742 2185 798 tot
2231 733 2347 785 ani-

720 843 942 879 morum
991 823 1242 888 interitu,
1291 823 1387 893 qui
1434 823 1589 877 omni
1637 840 1743 893 ope
1788 822 2047 885 destituti
2094 821 2348 891 quotidie

717 920 976 981 pereunt.
1045 910 1155 963 His
1208 910 1472 979 opitulari
1520 910 1615 979 qui
1662 910 1916 978 cupiunt,
1964 927 2034 962 ne
2081 916 2346 962 cuncten-

716 1009 826 1053 tur.
889 1001 1040 1052 Nam
1087 1006 1149 1051 ut
1196 998 1399 1051 litteris
1445 997 1779 1067 caeterisque
1825 995 2188 1050 facultatibus
2234 1015 2348 1050 non

719 1087 832 1140 sint
895 1086 1034 1139 satis
1097 1085 1378 1148 instructi,
1443 1085 1581 1138 satis
1642 1094 1837 1138 tamen
1899 1091 2063 1137 erunt
2116 1084 2188 1137 ad
2241 1083 2349 1138 hoc

719 1191 926 1226 munus
988 1175 1191 1242 parati,
1256 1174 1302 1225 si
1364 1173 1420 1224 in
1475 1173 1731 1224 animum
1785 1172 2108 1224 induxerint
2162 1191 2346 1234 suum,

719 1262 830 1314 huc
884 1261 1099 1315 Christi
1155 1262 1321 1314 unius
1373 1278 1546 1313 causa
1598 1261 1808 1323 venire,
1865 1278 1993 1312 cum
2048 1260 2203 1312 hisce
2250 1259 2347 1311 ho-

720 1348 969 1400 minibus
1032 1348 1263 1410 versari,
1330 1356 1502 1415 atque
1564 1348 1621 1400 in
1682 1347 1852 1415 hujus
1912 1355 2030 1400 tam
2093 1348 2350 1416 praeclari

718 1436 890 1490 studii
971 1435 1340 1489 contentione
1420 1443 1737 1488 extremum
1818 1434 2081 1505 spiritum
2162 1435 2347 1487 edere.

721 1526 851 1578 Hoc
908 1525 1102 1577 animo
1156 1525 1202 1576 si
1256 1525 1504 1576 duodeni
1558 1532 1783 1576 tantum
1838 1525 2145 1592 quotannis
2196 1525 2348 1576 veni·

717 1622 861 1678 rent,
915 1631 1004 1666 nae
1057 1613 1166 1666 ista
1222 1612 1569 1665 Mahometis
1622 1620 1779 1665 secta
1831 1611 2087 1665 funditus
2138 1612 2347 1665 delere-

716 1707 826 1762 tur,
893 1717 960 1752 ac
1020 1698 1175 1751 brevi
1238 1700 1310 1750 ad
1366 1698 1580 1751 Christi
1634 1700 1806 1751 fidem
1860 1716 1920 1751 se
1973 1699 2379 1771 adjungerent¹

719 1805 938 1844 omnes.
989 1788 1080 1842 Ita
1125 1787 1357 1841 demum
1404 1787 1583 1851 fieret,
1632 1794 1693 1839 ut
1741 1785 2184 1857 haudquaquam
2228 1795 2346 1840 tam

718 1874 947 1928 nefariis
999 1874 1303 1943 impiisque
1355 1874 1661 1927 sceleribus
1711 1875 1817 1927 Dei
1866 1891 2077 1927 numen
2124 1875 2195 1928 ab
2242 1874 2348 1928 hac

716 1970 885 2031 gente
953 1961 1260 2013 violaretur
1323 1970 1556 2030 propter
1619 1981 1767 2014 verae
1832 1962 2118 2030 religionis
2182 1963 2347 2014 insci-

717 2049 878 2103 tiam.
957 2048 1192 2101 Etenim
1268 2048 1363 2116 qui
1434 2048 1582 2101 hanc
1647 2049 1890 2101 insulam
1956 2049 2168 2112 colunt,
2235 2050 2348 2103 fere

718 2142 851 2187 sunt
912 2132 1175 2186 homines
1227 2133 1509 2187 immanes
1561 2152 1627 2187 ac
1680 2134 1923 2197 barbari,
1977 2135 2215 2203 perfidia
2268 2135 2347 2188 in-

721 2222 928 2291 signeS,
983 2230 1038 2274 et
1094 2220 1417 2273 mirandum
1471 2221 1528 2273 in
1581 2223 1814 2274 modum
1869 2222 2094 2291 ingrati.

793 2310 938 2363 Sunt
1012 2308 1186 2362 etiam
1260 2309 1458 2361 insulae
1529 2309 1815 2362 nonnullae
1880 2310 1937 2361 in
2003 2310 2111 2363 hoc
2177 2311 2349 2363 maris

719 2404 924 2457 tractu,
995 2415 1236 2464 quarum
1302 2395 1501 2447 incolae
1567 2395 1819 2448 humana
1883 2416 2051 2448 carne
2114 2416 2348 2449 vescun-

719 2492 829 2548 tur,
887 2484 1205 2552 praesertim
1270 2483 1542 2547 hostium,
1607 2485 1702 2553 qui
1764 2485 1821 2537 in
1882 2486 2348 2554 pugnacecide-

719 2569 850 2623 rint.
915 2571 1083 2638 Quod
1147 2569 1192 2621 si
1255 2570 1382 2637 quis
1444 2570 1890 2624 domesticorum
1955 2572 2155 2626 morbo
2209 2572 2349 2626 inte-

718 2664 857 2720 reat,
920 2675 953 2708 a
1014 2664 1223 2708 caetero
1285 2655 1516 2724 quidem
1580 2656 1869 2709 abstinent
1933 2675 2187 2726 corpore,
2251 2657 2349 2710 sed

721 2760 923 2796 manus
987 2761 1054 2796 ac
1117 2744 1290 2810 pedes
1357 2743 1628 2811 praecisos
1692 2743 1750 2795 in
1816 2744 2033 2796 deliciis
2103 2745 2348 2806 habent;

719 2837 891 2897 atque
938 2829 1110 2881 etiam
1170 2829 1254 2891 (si
1308 2828 1475 2880 famae
1531 2829 1667 2881 libet
1714 2831 1982 2892 credere)
2039 2849 2107 2882 eo
2152 2831 2350 2882 imma-

718 2916 915 2969 nitatis
980 2916 1437 2984 progrediuntur,
1505 2924 1566 2969 ut
1631 2916 1675 2968 si
1740 2917 1829 2970 cui
1891 2917 2100 2972 lautius
2163 2917 2351 2971 convi-

718 3001 872 3056 vium
926 3002 999 3056 sit
1052 3002 1467 3071 apparandum,
1520 3002 1770 3071 postulet
1818 3023 1851 3057 a
1896 3003 2085 3059 vicino
2130 3012 2351 3073 patrem

719 3099 856 3144 natu
909 3091 1203 3160 grandem,
1259 3110 1429 3161 quem
1478 3090 1800 3161 jugulatum
1852 3091 2054 3143 vicinis
2100 3092 2173 3144 ad
2220 3111 2350 3161 epu-

720 3178 952 3233 landum
1007 3186 1286 3248 apponat:
1343 3178 1591 3247 postulet
1645 3186 1837 3234 autem
1891 3198 1957 3234 ea
2004 3180 2350 3243 conditione,
