2815 3911
661 357 844 416 LIBER
886 381 925 417 1.
948 395 1019 401 —
1040 382 1333 420 EPISTOLA
1375 383 1450 420 1v.
1805 381 1872 430 23

712 608 1189 669 EPISTOLA
1282 610 1408 670 JV.

579 862 656 922 P.
717 863 819 923 M.
875 864 1162 942 Ignatio
1214 864 1536 945 Loyolae.

310 1119 450 1171 Petit
512 1119 681 1171 Breve
736 1119 1068 1188 apostoliczmz
1125 1121 1440 1189 confirmatae
1498 1120 1776 1172 Societatis
1830 1125 1877 1171 et

239 1205 540 1277 spiritualia
590 1206 835 1257 exercitia
887 1207 1000 1273 regi
1051 1207 1341 1275 offerenda.-
1398 1207 1582 1260 horum
1635 1225 1774 1269 usu3‚
1828 1212 1876 1259 et

238 1299 673 1346 sacramentorum
720 1293 1089 1362 frequentatio.
1150 1295 1400 1345 Stradam
1450 1300 1545 1363 pro
1603 1293 1875 1344 academia

241 1378 652 1432 Conimbricensi
702 1379 882 1447 poscit,
942 1385 989 1432 et
1047 1380 1252 1448 collegii
1297 1380 1555 1447 formam.
1632 1379 1875 1432 Dubium

239 1469 295 1518 de
352 1467 541 1517 Indica
594 1468 928 1537 expeditione.
984 1468 1123 1518 Petit
1175 1468 1345 1518 doceri
1398 1468 1611 1517 modum
1663 1467 1723 1516 de
1782 1484 1875 1532 ag-

238 1552 517 1619 gregandis
567 1552 736 1604 sociis,

311 1722 511 1774 Gratia
576 1731 631 1774 et
691 1741 852 1774 amor
911 1723 1125 1775 Christi
1187 1722 1421 1774 Domini
1487 1720 1665 1774 nostri
1726 1720 1876 1774 adsit

241 1826 462 1876 semper
514 1808 677 1861 nobis
731 1809 938 1862 auxilio
991 1817 1045 1862 et
1099 1808 1320 1862 favore!
1401 1810 1603 1861 Amen.

253 1973 721 2109 POSTQUAM
790 1977 1016 2045 Scripsi·
1058 1977 1221 2031 valde
1287 1977 1502 2046 prolixe
1572 1978 1642 2031 de
1709 1977 1878 2030 rebus

414 2082 540 2132 quae
594 2063 686 2116 hic
740 2073 1029 2133 geruntur,
1085 2065 1325 2116 offerunt
1385 2084 1444 2116 se
1498 2064 1689 2133 aliqua
1750 2082 1877 2131 quae

241 2157 373 2203 tunc
427 2152 774 2215 exciderant,
829 2152 977 2204 inter
1029 2170 1155 2220 quae
1212 2152 1335 2204 haec
1391 2160 1541 2204 sunt.
1589 2152 1648 2203 Si
1693 2153 1877 2203 Breve

240 2237 388 2303 quod
447 2238 629 2306 tangit
695 2245 878 2289 totam
948 2238 1296 2290 Societatem
1363 2237 1691 2305 expeditum
1769 2245 1874 2299 est,

242 2323 402 2376 mitte
450 2324 580 2387 hue,
632 2343 732 2377 oro
782 2332 857 2387 te,
910 2325 1032 2392 ejus
1081 2325 1435 2393 exemplum;
1481 2343 1613 2377 nam
1681 2342 1778 2376 rex
1817 2332 1872 2377 et

239 2410 330 2475 qui
399 2430 503 2462 nos
572 2411 663 2462 hic
722 2420 936 2473 amant,
994 2411 1234 2462 libenter
1292 2411 1347 2462 id
1420 2410 1714 2472 videbunt,
1789 2410 1872 2461 uti

241 2503 291 2547 et
359 2499 703 2550 sententiam
766 2516 936 2566 quam
1002 2497 1395 2566 pronunciavit
1460 2506 1671 2565 praetor
1735 2497 1870 2548 dum

240 2598 339 2636 nos
379 2585 639 2639 absolvit.
686 2587 806 2639 Rex
859 2585 1022 2654 petiit
1076 2586 1342 2638 exercitia
1395 2602 1523 2638 cum
1590 2584 1874 2637 desiderio

241 2669 330 2722 illa
397 2673 655 2725 videndi:
727 2674 772 2724 si
841 2673 1161 2741 exemplum
1233 2691 1429 2724 eorum
1499 2691 1528 2724 e
1606 2672 1876 2724 correctis

241 2756 523 2812 videretur
599 2761 700 2812 tibi.
777 2760 950 2812 etiam
1032 2761 1274 2822 mittere,
1353 2759 1742 2826 gratissimum
1821 2759 1878 2810 id

242 2839 380 2897 foret
475 2846 762 2915 majestati
850 2846 989 2915 erS.
1082 2845 1393 2898 Enimvero
1471 2863 1711 2914 magnus
1789 2844 1879 2897 ille

242 2932 502 3002 princeps
578 2935 742 2986 valde
819 2936 963 2986 bene
1042 2935 1277 2985 affectus
1344 2942 1427 2985 est
1493 2951 1627 2999 erga
1690 2941 1874 2983 totam

245 3017 609 3084 Societatem,
701 3030 756 3074 et
821 3022 1045 3074 videtur
1112 3021 1249 3073 nihil
1328 3039 1442 3072 non
1507 3021 1764 3088 obsequii
1843 3038 1875 3072 a

244 3108 404 3158 nobis
480 3110 528 3160 ei
600 3111 808 3170 deberi,
886 3127 988 3177 pro
1056 3108 1270 3173 ingenti
1334 3127 1530 3162 >amore
1598 3127 1709 3178 quo
1776 3126 1879 3158 nos
