2815 3911
750 361 933 402 LIBER
973 365 1467 404 III.-·EPISTOLA
1507 365 1583 404 IV.
1630 372 1636 377 ’
1878 366 1981 420 205

359 502 460 555 hac
528 515 586 550 re
654 515 819 565 agere
882 515 1011 550 cum
1074 516 1141 550 eo
1204 499 1368 567 coepi,
1432 499 1679 551 validam
1742 499 1983 551 classem

358 591 426 644 ad
497 585 722 656 tyranni
798 585 945 637 illius
1016 586 1324 654 perniciem
1395 586 1659 639 adornari
1719 585 1980 655 jusserit;

359 679 546 743 itaque
608 665 838 725 necesse
900 674 1022 736 fuit,
1083 675 1298 742 justam
1360 676 1482 742 ejus
1540 675 1681 725 iram
1741 693 1841 742 per
1893 692 1985 724 me

358 763 538 832 ipsum
603 758 868 824 mitigari.
939 761 1059 811 Rex
1120 759 1228 822 ille,
1301 759 1741 812 christianorum
1814 760 1983 812 inter-

358 851 547 910 fector,
602 864 936 915 germanum
990 846 1179 910 habet,
1233 865 1428 898 verum
1483 847 1640 915 regni
1693 847 1840 898 illius
1887 845 1981 896 he-

359 936 566 996 redem,
630 933 729 985 sed
792 932 1054 986 fraternae
1113 934 1465 987 crudelitatis
1519 942 1674 987 metu
1728 934 1983 986 exsulan-

358 1033 490 1076 tem.
557 1021 632 1081 IS,
689 1020 733 1071 si
787 1020 961 1072 armis
1023 1039 1056 1072 a
1112 1028 1355 1088 praetore
1407 1021 1754 1092 restituatur.
1791 1020 1848 1072 in
1901 1038 1983 1072 re-

356 1126 544 1178 gnum,
605 1106 902 1175 pollicetur
953 1125 1012 1158 se
1065 1125 1194 1158 cum
1248 1106 1405 1176 regni
1457 1106 1809 1175 principibus
1863 1105 1982 1160 fore

356 1193 744 1245 christianum.
801 1193 1082 1258 Quocirca
1134 1201 1345 1258 praetor
1397 1194 1690 1244 mandavit
1743 1194 1984 1244 ducibus

357 1280 487 1342 suiS,
527 1286 588 1330 ut
627 1279 695 1341 ei,
731 1278 777 1329 si
816 1277 1124 1330 christiana
1167 1297 1327 1330 sacra
1371 1277 1700 1347 susceperit,
1746 1296 1982 1347 regnum

358 1364 674 1426 restituant,
732 1381 921 1431 regem
982 1364 1400 1433 neophytorum
1456 1365 1779 1416 carnificem
1836 1365 1982 1417 occi-

358 1454 509 1513 dant,
573 1459 671 1502 aut
734 1452 805 1501 ad
870 1469 1060 1502 meum
1123 1451 1419 1502 arbitrium
1479 1458 1746 1503 tractent.
1810 1451 1983 1518 Equi-

357 1540 483 1591 dem
557 1557 671 1589 non
747 1538 940 1589 diffido
1014 1537 1149 1600 fore,
1227 1546 1287 1589 ut
1362 1546 1485 1589 tum
1555 1557 1771 1601 eorum,
1840 1558 1984 1607 quos

358 1624 624 1693 martyrio
698 1624 901 1686 affecit,
970 1609 1387 1692 deprecatione,
1455 1624 1637 1678 scelus
1710 1632 1984 1693 agnoscat

359 1721 411 1765 et
474 1712 790 1765 caecitatem
858 1730 1038 1774 suam,
1106 1720 1347 1781 actaque
1409 1711 1640 1764 salutari
1702 1711 1983 1781 poeniten-

359 1798 453 1861 tia,
505 1798 731 1851 veniam
784 1798 1090 1866 aliquando
1142 1798 1408 1866 impetret
1455 1816 1488 1851 a
1539 1801 1663 1852 Deo
1714 1806 1834 1852 tam
1889 1816 1983 1851 ne-

360 1885 509 1938 fariae
562 1885 931 1937 crudelitatis.

429 1972 695 2025 Ceilanus
753 1973 936 2025 insula
988 1981 1073 2026 est
1126 1974 1196 2026 ab
1253 1974 1432 2026 Indiae
1486 1974 1804 2027 continenti
1863 1975 1982 2026 mil-

360 2059 430 2113 lia
505 2079 776 2128 passuum
839 2061 1062 2114 circiter
1122 2069 1351 2115 centum
1420 2061 1637 2130 viginti,
1694 2080 1807 2130 quo
1879 2080 1984 2131 ego

362 2166 565 2217 nuper,
650 2148 957 2200 Francisco
1034 2147 1297 2201 Mansilla
1369 2148 1612 2212 comite,
1694 2147 1984 2218 profectus

361 2251 500 2287 sum.
570 2237 682 2288 Hic
747 2238 1010 2305 dynastav
1053 2238 1199 2305 regis
1263 2238 1427 2300 filius,
1495 2238 1761 2305 idemque
1827 2237 1982 2305 regni

360 2319 517 2373 heres
580 2330 857 2375 statuerat
919 2323 1038 2374 fieri
1101 2323 1468 2384 christianus3
1534 2324 1687 2391 quod
1741 2323 1835 2374 ubi
1888 2341 1983 2374 rex

361 2410 652 2475 cognovit,
732 2409 1023 2461 hominem
1101 2410 1402 2462 confestim
1481 2410 1721 2462 interfici
1792 2410 1981 2478 jussit.

364 2492 650 2557 Narrant,‘
691 2495 785 2564 qui
850 2504 1162 2564 praesentes
1227 2495 1369 2547 caedi
1430 2496 1727 2557 affuerunt,
1790 2496 1861 2546 ab
1924 2513 1984 2546 se

359 2578 412 2629 in
465 2582 607 2634 coelo
660 2583 884 2650 igneam
938 2601 1062 2635 esse
1114 2584 1293 2634 visam
1349 2601 1593 2646 crucem,
1649 2591 1704 2634 et
1752 2583 1846 2633 ubi
1893 2582 1983 2633 ille

360 2682 535 2719 caesus
600 2668 689 2731 sit,
758 2669 815 2721 in
877 2668 1035 2722 hiatu
1097 2676 1263 2722 terrae
1324 2669 1561 2737 figuram
1624 2669 1806 2721 crucis
1867 2667 1982 2720 ani-

359 2754 741 2818 madversam;
803 2757 1124 2825 complures
1177 2756 1507 2818 incolarum,
1563 2756 1658 2824 qui
1711 2755 1804 2807 illa
1857 2774 1980 2823 por-

356 2843 512 2892 tenta
574 2844 990 2911 conspexerint,
1054 2846 1125 2895 ad
1189 2844 1500 2895 christiana
1551 2861 1712 2895 sacra
1764 2852 1981 2911 specta-

358 2941 430 2975 re.
506 2928 695 2996 Hujus
765 2930 1040 2999 dynastae,
1108 2949 1277 2998 quem
1344 2929 1475 2992 dixi,
1543 2929 1714 2982 frater
1778 2929 1979 2981 iisdem

356 3022 649 3076 permotus
711 3017 1001 3086 prodigiiS,
1066 3018 1421 3068 sacerdotem
1484 3017 1791 3084 quemdam
1854 3034 1980 3066 exo-

358 3099 516 3163 ravit,
572 3110 631 3155 ut
686 3122 745 3155 se
799 3103 1030 3156 salutari
1083 3103 1333 3156 ablueret
1387 3121 1566 3171 aqua3
1622 3103 1856 3171 jamque
1908 3102 1980 3155 ad
