2692 3907
697 385 800 452 438
1213 398 1399 436 INDEX
1438 399 1800 437 GENERALIS.

700 532 943 577 EPISTOLA
973 533 1144 578 XXXI.
1147 534 1380 577 -Eszem
1382 535 1516 577 —Ad
1534 533 1751 577 Alexium
1777 533 1936 577 Sosam
1961 532 2048 575 iter
2068 545 2096 575 a
2115 531 2203 575 Co-

821 594 1001 636 morino
1026 595 1146 645 facit,
1170 594 1524 636 christianorum
1558 607 1701 650 pagos
1724 607 1781 635 ex
1803 593 1966 635 itinere
2002 591 2114 645 obit,
2137 590 2206 633 in-

820 653 1061 711 fantesque
1098 653 1308 711 baptizat.
1371 652 1649 698 Tutucurini
1682 653 1945 697 exsulantes
1977 649 2208 696 Mansillae

821 715 1129 765 commendat,
1152 725 1237 755 suo
1272 714 1474 766 nomine,
1497 726 1522 755 a
1545 713 1765 756 Barbosae
1796 712 1972 770 injuriis
1992 712 2206 754 tuendos.

822 773 1016 814 Precum
1056 774 1354 827 parvulorum
1394 773 1608 827 praesidio
1649 780 1820 827 septus,
1861 780 2060 814 terrores
2100 784 2208 813 con-

822 831 1015 883 temnit:
1051 845 1133 889 pro
1168 831 1255 876 fide
1289 831 1405 875 ntori
1438 830 1679 876 desiderat.

799 932 947 962 51-“ULA
979 918 1159 961 XXXII
1178 920 1474 962 —Fraxcisco
1524 918 2055 962 Mansz·lloe.—Lustratis
2111 917 2210 960 Ma-

821 979 965 1031 clmis,
992 978 1253 1021 Cantkaianf
1280 978 1596 1028 ⁴proficiscitur.
1658 978 1826 1020 Narrat
1849 977 2079 1020 Mansillae
2102 977 2210 1019 alla-

821 1045 913 1079 tam
948 1038 1210 1079 faculatem
1246 1038 1524 1093 suscipiendi
1548 1039 1604 1079 ab
1627 1038 1726 1093 ipso
1751 1036 2017 1088 Sacerdotii‚
2040 1034 2209 1079 socios-

820 1110 909 1152 que
932 1110 956 1138 e
979 1096 1219 1138 Lusitania
1250 1104 1485 1148 venturos,
1520 1097 1676 1152 plures
1709 1103 1864 1138 autem
1900 1094 2211 1138 Conimbricae

821 1155 984 1197 litteris
1008 1155 1287 1197 incumbere.
1332 1155 1561 1197 Eumdem
1586 1155 1632 1197 in
1655 1155 1994 1197 Travancorem
2017 1160 2182 1196 evocat
2196 1169 2208 1205 ;

819 1227 962 1271 pagos
985 1213 1192 1271 singulos
1227 1226 1475 1270 puerorum
1511 1213 1679 1257 scholis
1716 1213 1955 1267 instruere,
1990 1225 2210 1269 oramque

820 1281 965 1315 totam
1001 1274 1195 1315 lustrare
1224 1274 1368 1330 jubet,
1411 1288 1462 1315 ac
1501 1273 1884 1315 Monchurienses
1921 1272 2209 1315 nominatim.

821 1332 1013 1376 Antonii
1033 1332 1070 1374 F
1073 1335 1300 1375 ernandez
1322 1332 1515 1375 consilia
1539 1347 1773 1388 nunquam
1798 1334 2047 1375 deserenda
2062 1347 2073 1383 ;
2091 1331 2211 1374 Mat-

820 1392 1008 1447 thaeum,
1047 1392 1386 1450 canacapulam,
1422 1391 1626 1450 aliosque
1664 1391 1813 1436 socios
1849 1405 2004 1436 secum
2043 1391 2210 1435 ducen-

821 1455 903 1495 dos
918 1468 929 1504 ς
963 1459 1197 1508 postremo
1220 1452 1578 1495 Comorinenses
1599 1452 1770 1499 Joanni
1807 1454 1863 1494 de
1884 1452 2054 1494 Lizana
2087 1464 2212 1493 com-

823 1514 1109 1554 mendandos
1114 1543 2211 1553 ................

1078 1760 1391 1818 LIBER
1473 1692 1950 1819 TERTIUS.

706 1991 948 2033 EPISTOLA
984 1992 1252 2045 l.——Joanni
1284 1992 1380 2034 III.
1418 1995 1509 2047 regi
1540 1992 2093 2034 Lus2·tanz·oe.—Indiarun1
2132 1992 2213 2033 im-

824 2050 1001 2106 perium
1026 2065 1051 2092 a
1073 2051 1173 2093 Deo
1195 2052 1293 2107 regi
1316 2051 1556 2103 tributum,
1582 2059 1630 2093 ut
1654 2065 1710 2093 eo
1748 2065 1903 2093 veram
1941 2050 2212 2108 religionem

825 2109 1024 2153 inferret.
1087 2109 1469 2153 MichaeliVazio
1508 2111 1643 2153 fidem
1682 2110 1873 2153 omnino
1907 2110 2210 2154 adhibendam

824 2169 1121 2228 ejusdemque
1145 2169 1190 2211 in
1215 2169 1392 2212 Indiam
1425 2170 1624 2213 reditum
1662 2169 1876 2227 religioni
1900 2170 2035 2226 plane
2058 2183 2214 2212 neces—

823 2229 1007 2282 sarium,
1046 2229 1300 2286 praesertim
1337 2230 1570 2285 episcopo,
1609 2238 1942 2272 consummatae
1978 2230 2085 2272 licet
2124 2230 2213 2271 vir—

824 2288 951 2342 tutis,
975 2288 1104 2333 senio
1127 2296 1285 2332 tamen
1308 2289 1502 2346 aliisque
1527 2289 1831 2333 incommodis
1858 2296 2062 2346 gravato.
2115 2289 2215 2333 ›Re-

824 2361 943 2407 gem,
978 2349 1159 2407 objecto
1194 2348 1334 2391 etiam
1370 2349 1529 2392 divino
1558 2348 1746 2407 judicio,
1782 2355 1939 2392 exorat
1974 2356 2025 2391 ut
2060 2349 2214 2391 minis—

824 2418 1002 2451 trorum
1039 2410 1387 2465 negligentiam,
1424 2424 1528 2450 curn
1566 2410 1744 2461 litteris,
1773 2418 1871 2450 tum
1896 2411 2045 2464 poenis
2066 2410 2215 2451 vindi-

825 2475 910 2520 cet,
951 2475 1000 2511 ut
1035 2467 1081 2510 in
1116 2467 1331 2511 curandis
1367 2467 1463 2511 fisci
1505 2467 1774 2519 rationibus,
1810 2467 1873 2511 sic
1908 2468 1953 2510 in
1992 2467 2215 2525 religione

825 2529 1009 2570 tuenda.
1074 2526 1340 2570 Ministrum
1382 2534 1626 2584 propterea
1662 2540 1766 2570 cum
1806 2527 2078 2571 auctoritate
2114 2527 2215 2570 mit-

826 2589 1032 2638 tendum,
1055 2587 1134 2641 qui
1157 2587 1342 2642 dignam
1367 2587 1467 2628 Deo
1504 2587 1802 2641 vectigalium
1827 2595 2003 2641 partem
2029 2588 2075 2628 in
2097 2588 2216 2628 salu-

828 2658 921 2689 tem
945 2646 1201 2689 animarum
1226 2647 1468 2701 expendat.
1515 2645 1726 2689 Centena
1749 2645 1892 2689 millia
1912 2655 2020 2689 ante
2042 2660 2214 2689 annum

827 2706 1167 2758 convertenda;
1221 2704 1400 2749 Ceilani
1442 2718 1598 2762 regem
1642 2704 1799 2749 favore
1842 2704 1887 2748 in
1930 2704 2217 2750 Christianos

828 2765 968 2806 abuti.
1043 2765 1425 2821 Quamplurimos
1468 2765 1585 2821 petit
1628 2779 1651 2805 e
1697 2765 1952 2817 Societate;
1999 2766 2216 2807 Cosmam

829 2825 1102 2881 Agnezium,
1144 2824 1441 2881 Fratremque
1483 2824 1780 2866 Vincentium
1822 2825 2011 2868 mirifice
2049 2827 2217 2868 laudat

716 2914 957 2956 EPISTOLA
990 2914 1049 2955 II.
1052 2914 1170 2955 —R.
1193 2914 1243 2955 Ρ.
1267 2914 1441 2968 Ignatzo
1459 2914 1552 2969 Loy
1547 2913 1641 2963 Ulce,
1666 2917 1898 2969 proeposzto
1922 2929 2056 2969 geum
2056 2914 2123 2956 alz
2145 2914 2219 2956 So-

831 2975 993 3015 czetatzs
1034 2972 1158 3027 Jes-u.
1165 2971 1370 3028 —Urget
1412 2986 1516 3028 quae
1556 2971 1744 3014 biennio
1793 2979 1900 3015 ante
1952 2973 2217 3028 postulavit.

833 3032 901 3075 De
924 3031 1058 3075 sociis
1082 3031 1128 3074 in
1156 3030 1332 3074 Indiam
1357 3044 1438 3089 pei
1441 3030 1645 3074 ut111bus
1707 3030 1952 3075 Universae
1976 3032 2218 3076 Societatis

836 3093 1045 3148 precibus
1069 3107 1117 3134 se
1140 3094 1432 3134 commendat
1455 3092 1663 3147 petitque
1689 3093 1877 3133 nuntios
1900 3094 1955 3133 de
1977 3094 2114 3135 rebus
2140 3094 2220 3135 So-

834 3151 1024 3200 cietatis,
1049 3167 1099 3195 ac
1123 3153 1177 3194 de
1203 3151 1346 3194 veteri
1372 3151 1533 3194 amico.
1624 3187 2221 3203 .........
2262 3164 2342 3205 190
