2815 3911
721 358 903 394 LIBER
944 359 1426 399 IV.—EPISTOLA
1467 360 1543 397 iv.
1842 346 1944 412 263

324 489 585 555 frequens
647 505 760 538 non
819 486 1099 556 indigenis
1153 491 1342 554 modO,
1398 490 1498 543 sed
1551 490 1724 542 etiam
1778 490 1944 542 adve-

322 575 425 628 nis.
483 575 653 627 Hanc
704 574 945 626 insulam
1000 594 1095 628 rex
1150 576 1460 629 Lusitaniae
1517 575 1795 628 Lusitano
1842 577 1941 628 du-

322 663 387 725 ci,
461 660 669 713 virtute
739 680 804 711 ac
870 660 1082 729 pietate
1148 663 1478 725 clarissimo,
1547 663 1699 716 dono
1765 662 1940 727 dedit,

321 764 488 816 quem
551 747 700 800 intra
761 748 1050 800 biennium
1115 768 1181 801 eo
1240 768 1368 801 cum
1423 749 1680 816 conjuge,
1735 747 1941 810 liberis,

320 832 691 900 universaque
744 832 956 887 familia
1008 837 1511 904 commigraturum
1567 835 1770 886 ferunt.
1830 835 1942 886 Hic

319 917 528 987 oppida
615 926 746 971 sunt
836 918 1275 973 christianorum
1367 922 1601 973 omnino
1690 930 1938 988 septem,

317 1021 442 1072 quae
495 1021 598 1072 ego
651 1004 1006 1068 circumienS,
1067 1006 1311 1058 infantes
1364 1024 1564 1058 omnes
1617 1023 1683 1057 ac
1735 1024 1940 1073 pueros

316 1090 568 1143 nondum
641 1091 961 1160 baptizatos
1034 1092 1138 1144 rite
1212 1093 1463 1145 lustravi.
1543 1094 1631 1145 Ex
1694 1110 1936 1161 quorum

316 1196 551 1230 numero
615 1178 933 1246 complures
999 1179 1102 1231 sub
1163 1179 1513 1248 baptismum
1576 1185 1939 1233 excesserunt

318 1283 345 1317 e
405 1265 539 1327 vita,
603 1273 663 1315 ut
723 1265 861 1315 satis
914 1273 1229 1331 appareret,
1284 1266 1461 1318 vitam
1516 1265 1622 1317 illis
1676 1265 1939 1333 suppedi-

314 1359 493 1406 tatam
570 1352 858 1416 divinitu5‚
938 1371 1114 1421 usque
1189 1371 1255 1405 eo
1325 1352 1461 1404 dum
1527 1350 1598 1404 ad
1665 1357 1938 1415 aeternam

315 1438 489 1490 vitam
542 1438 860 1506 patefactus
913 1439 1103 1491 aditus
1156 1447 1324 1491 esset.
1789 1497 1793 1501 ,
1845 1494 1849 1497 ,

389 1525 505 1576 Sub
571 1524 627 1577 id
691 1532 934 1594 tempUS,
996 1533 1127 1578 octo
1195 1525 1586 1594 Hispanorum
1640 1541 1813 1576 naves
1871 1542 1939 1575 eo

316 1610 535 1674 delatae,
589 1619 704 1663 tres
757 1611 967 1663 ibidem
1021 1613 1323 1664 substitere
1378 1629 1629 1663 menses:
1690 1629 1803 1679 quo
1854 1619 1938 1663 to-

316 1704 374 1749 to
447 1704 705 1765 tempore
780 1698 889 1750 dici
964 1699 1055 1750 vix
1119 1707 1325 1767 potest,
1393 1706 1530 1767 quot
1596 1697 1938 1765 quantisque

316 1783 782 1851 occupationibus
846 1784 1161 1836 distinerer.
1236 1787 1384 1837 Nam
1450 1794 1505 1836 et
1571 1784 1939 1836 concionibus

316 1887 512 1922 omnes
581 1871 899 1922 excitabam
964 1871 1036 1921 ad
1102 1878 1316 1922 rectam
1382 1870 1797 1937 honestamque
1862 1869 1937 1920 vi-

315 1965 451 2018 tam,
515 1964 569 2008 et
630 1964 867 2023 peccata
930 1958 1268 2009 confitentes
1326 1958 1645 2019 audiebam,
1702 1965 1755 2007 et
1809 1956 1937 2006 visi-

314 2044 506 2096 tabam
573 2052 834 2112 aegrotOS‚
899 2053 954 2097 et
1018 2044 1324 2096 morientes
1386 2044 1814 2103 confirmabam,
1878 2050 1939 2094 ut

315 2149 477 2200 aequo
565 2132 877 2201 fidentique
966 2131 1158 2183 animo
1243 2150 1271 2183 e
1354 2131 1471 2184 vita
1554 2130 1938 2183 discederent:

315 2220 466 2288 quod
541 2220 771 2288 quidem
846 2220 1010 2288 longe
1085 2219 1477 2285 difficillimum
1542 2226 1627 2271 est
1694 2217 1778 2280 iis,
1846 2217 1941 2286 qui

316 2306 519 2358 divinis
579 2307 796 2375 legibus
858 2306 1092 2358 minime
1155 2313 1482 2374 paruerunt.
1548 2305 1772 2373 Quippe
1833 2304 1941 2356 hoc

316 2391 532 2443 minore
590 2392 795 2445 divinae
856 2392 1171 2445 clementiae
1232 2411 1331 2460 spe
1396 2390 1941 2459 fiduciaque-mori-

318 2488 502 2543 untur,
567 2499 680 2549 quo
744 2481 959 2548 majore
1021 2487 1154 2532 ante
1216 2480 1455 2531 audacia
1518 2480 1575 2530 in
1638 2478 1943 2530 sceleribus

316 2583 380 2618 ac
453 2567 683 2635 flagitiis
756 2567 1176 2619 volutabantur.
1256 2566 1422 2617 Multi
1487 2573 1781 2633 praeterea,
1848 2564 1944 2632 qui

316 2671 514 2722 graves
588 2654 736 2706 inter
809 2673 867 2706 se
942 2653 1270 2705 inimicitias
1347 2652 1684 2705 exercebant
1763 2651 1944 2720 (quod

315 2741 515 2792 vitium
560 2742 707 2793 inter
754 2742 961 2793 milites
1009 2741 1284 2792 latissime
1326 2742 1537 2807 patet),
1584 2739 1640 2791 in
1683 2739 1944 2806 gratiam,

311 2827 546 2894 juvante
603 2829 744 2892 Deo,
801 2827 1036 2879 reducti.
1318 2892 1322 2894 ῃ

390 2916 531 2968 Inde
609 2914 681 2966 illi
766 2914 1011 2977 Indiam,
1095 2931 1198 2981 ego
1275 2930 1404 2965 cum
1482 2914 1704 2984 Joanne
1791 2912 1948 2962 Duro

320 3003 419 3064 (de
472 3021 585 3071 quo
639 3020 808 3071 supra
864 3002 1033 3064 dixi),
1083 2999 1367 3052 contrario
1420 3018 1605 3061 cursu,
1658 2999 1948 3053 Molucum

317 3090 603 3159 petiimUS.
