2815 3911
822 361 1006 397 LIBER
1044 363 1096 399 v.
1121 362 1501 400 —EPISTOLA
1540 363 1594 399 v.
1917 344 2021 411 389

393 492 464 543 ab
514 490 793 559 ejusmodi
844 492 1106 545 incolitur
1151 493 1489 557 christianiS,
1538 492 1634 562 qui
1681 490 1874 543 multis
1926 489 2020 541 ab·

396 578 529 632 hinc
582 579 746 631 annis
800 579 1093 633 catholicis
1146 581 1793 643 orbati-sacerdotibUS,
1848 578 2022 631 chris-

392 666 533 719 tiani
581 665 719 718 nihil
765 665 976 720 habent
1023 677 1228 735 praeter
1274 688 1501 722 nomen.
1559 670 1776 721 Ferunt
1830 684 1889 719 se
1936 684 2021 719 or-

392 763 482 806 tos
535 754 605 806 ab
658 754 743 818 iis,
799 773 940 823 quos
996 757 1052 808 S.
1109 756 1362 809 Thomas
1409 755 1718 825 Apostolus
1764 752 2020 806 christia—

394 857 497 893 nos
550 840 700 893 fecit.
758 842 824 893 In
877 859 1034 909 spem
1087 843 1251 896 venio
1305 843 1440 906 fore,
1504 851 1564 896 ut
1628 841 1900 911 Cypriani
1965 848 2020 893 et

393 926 674 979 sociorum
728 944 899 995 opera
951 945 1010 980 se
1063 929 1133 981 ad
1186 929 1394 981 bonam
1449 928 1724 997 recipiant
1782 926 2019 995 frugem.

469 1014 556 1067 Ea
595 1013 776 1067 insula
815 1014 976 1068 valde
1017 1015 1180 1084 inops
1221 1025 1305 1070 est
1347 1034 1379 1070 a
1419 1015 1671 1084 frugibus
1700 1023 1756 1069 et
1790 1014 2022 1088 alimen-

392 1099 483 1164 tis,
532 1100 844 1170 eademque
891 1101 1027 1154 satis
1074 1122 1273 1171 aspera
1317 1111 1372 1155 et
1417 1120 1756 1155 aerumnosa.
1805 1101 1893 1153 Eo
1939 1106 2021 1152 ta-

395 1205 525 1240 men
593 1190 913 1258 Cyprianus
976 1191 1094 1258 jam
1173 1190 1572 1258 sexagenarius
1647 1189 2025 1241 libentissime

391 1275 746 1338 transmittit,
814 1276 1104 1328 confidens
1168 1276 1448 1344 egregiam
1517 1293 1575 1327 se
1635 1275 1712 1325 ibi
1789 1291 2023 1342 operam

395 1361 520 1413 Deo
573 1378 779 1413 navare
831 1378 1014 1430 posse,
1070 1369 1125 1414 et
1179 1361 1377 1438 simul*
1397 1363 1624 1430 expiare
1677 1361 1885 1414 delicta
1936 1361 2022 1429 ju·

389 1447 639 1499 ventutis
712 1465 847 1500 suae.
923 1450 999 1501 Et
1077 1466 1420 1515 quamquam
1505 1448 1669 1500 initio
1756 1448 2020 1499 affectam

388 1532 506 1601 jam
556 1541 781 1586 aetatem
833 1534 1066 1586 minime
1111 1534 1425 1602 patientem
1478 1533 1736 1586 laborum
1790 1551 2021 1586 excusa—

392 1619 515 1681 bat3
564 1638 695 1672 mox
739 1628 932 1672 tamen
979 1620 1264 1688 professus
1312 1629 1396 1673 est
1444 1639 1521 1683 se,
1570 1621 1615 1672 si
1662 1638 1805 1689 opus
1851 1628 2020 1683 esset,

392 1705 542 1758 haud
596 1715 825 1774 gravate
877 1708 1106 1759 iturum.

466 1793 736 1845 Nicolaus
779 1794 1159 1857 LancellotUS,
1205 1795 1309 1847 etsi
1356 1794 1818 1863 valetudinariuS,
1867 1811 2019 1845 nunc

390 1885 584 1931 tamen
651 1879 849 1932 melius
913 1879 1101 1943 habet,
1168 1890 1535 1948 versaturque
1589 1880 1810 1943 Colani,
1867 1880 2020 1947 quod

391 1967 664 2034 oppidum
693 1976 778 2019 est
808 1968 1014 2019 salubri
1043 1967 1203 2030 coelo,
1236 1968 1410 2018 millia
1437 1986 1709 2035 passuum
1739 1986 1772 2017 a
1801 1967 2021 2018 Cocino

390 2054 614 2107 circiter
659 2054 979 2122 octoginta;
1028 2054 1103 2106 ibi
1150 2054 1502 2107 instituendo
1557 2054 1862 2107 Societatis
1912 2053 2022 2107 col-

389 2140 533 2210 legio
585 2148 809 2209 praeest.

461 2229 543 2280 Ac
596 2247 732 2280 sane
780 2228 962 2285 ,multa
1015 2228 1102 2280 his
1165 2228 1303 2281 locis
1371 2228 1676 2302 Societatis
1735 2226 2024 2280 domicilia

389 2316 786 2378 excitarentur,
830 2317 874 2367 si
908 2318 984 2367 M.
1018 2316 1215 2367 Simon
1248 2319 1264 2379 (
1293 2323 1352 2367 ut
1382 2317 1451 2366 ad
1482 2324 1539 2366 te
1568 2323 1738 2366 antea
1774 2314 1973 2382 scripsi
2005 2317 2021 2376 )

388 2420 517 2473 cum
564 2420 771 2471 magna
814 2404 884 2454 ab
928 2420 1056 2470 rege
1099 2403 1439 2454 auctoritate
1488 2402 1694 2453 missus
1738 2420 1853 2453 non
1897 2420 2027 2470 par-

387 2506 518 2542 vam
572 2488 682 2542 huc
735 2489 1041 2542 adduceret
1095 2488 1377 2542 sociorum
1433 2506 1685 2552 manum,
1753 2506 1821 2542 ex
1886 2506 2023 2557 quo-

388 2595 513 2627 rum
561 2594 799 2627 numero
846 2594 942 2627 sex
988 2584 1276 2642 septemve
1331 2575 1764 2627 concionatores
1810 2582 2021 2637 essent,

389 2664 711 2732 complures
776 2664 1225 2715 confessionibus
1290 2664 1656 2731 excipiendis,
1730 2664 2025 2715 tradendis

389 2752 497 2820 piis
539 2752 1028 2814 meditationibus,
1072 2751 1314 2804 ethnicis
1355 2752 1427 2803 ad
1470 2751 1687 2804 Christi
1721 2752 1893 2804 fidem
1932 2752 2028 2803 ad-

381 2842 690 2912 jungendis
744 2842 951 2904 idonei,
1006 2842 1108 2894 viri
1164 2860 1363 2893 omnes
1416 2840 1582 2909 plane
1631 2840 1913 2893 moderati
1960 2858 2027 2892 ac

338 2970 341 2973 -
388 2948 575 2982 rerum
625 2930 809 2998 periti.
862 2930 1072 2997 Scripsi
1119 2930 1291 2981 etiam
1340 2931 1411 2980 ad
1460 2947 1647 2996 regem
1698 2931 1768 2981 de
1818 2932 1895 2981 M.
1945 2930 2029 2980 Si-

389 3034 575 3078 mone,
626 3026 684 3067 ut
734 3033 863 3067 eum
912 3033 1042 3067 cum
1091 3023 1378 3082 potestate
1426 3015 1640 3078 mittat,
1692 3033 1805 3066 non
1862 3016 2036 3067 modo

393 3104 702 3159 inchoandi
770 3103 1021 3168 collegia,
1091 3103 1187 3152 sed
1243 3102 1415 3151 etiam
1471 3101 1697 3153 favendi
1751 3101 2034 3169 indigenis
