2692 3907
790 348 893 402 402
1205 349 1389 386 LIBER
1427 350 1480 387 V.
1500 350 1882 388 —EPISTOLA
1921 350 1999 387 VI.

785 487 882 532 aut
937 479 1236 538 ministerii
1291 480 1581 534 functione
1633 490 2025 551 proventuque
2077 500 2195 534 rem
2248 499 2413 550 auge-

783 566 918 618 ant?
973 576 1028 618 et
1084 567 1129 618 si
1184 567 1370 620 dicere
1423 576 1779 631 cunctentur,
1828 576 1949 621 arte
1996 568 2224 620 blanda⁴
2255 568 2413 620 inda-

780 671 869 721 ga,
915 654 1173 716 odorare,
1220 672 1334 707 non
1377 655 1542 723 longe
1588 656 1981 723 percontando
2027 655 2412 708 circumduxe-

779 738 873 802 riS,
928 739 1064 809 quin
1116 739 1371 809 vestigiis
1427 739 1578 792 haud
1628 741 1813 793 dubiis
1858 741 2155 809 pervenias
2201 741 2273 792 ad
2319 758 2411 793 cu—

779 827 913 879 bilia
948 827 1072 895 ipsa
1109 827 1372 880 fraudum
1412 835 1467 880 et
1506 828 1981 896 monopoliorum,
2020 828 2222 895 quibus
2259 844 2410 897 emo-

777 911 1037 965 lumenta
1063 911 1291 980 publica
1325 912 1381 963 in
1420 911 1673 980 privatas
1710 914 1912 964 domos
1948 912 2113 981 pauci
2150 912 2411 965 homines

780 1006 1060 1061 avertunt,
1106 1007 1486 1067 praeementes
1539 999 1691 1067 regia
1736 1000 1978 1068 pecunia
2020 1000 2170 1068 quod
2214 999 2408 1051 statim

780 1085 1120 1153 dispertiant
1167 1085 1323 1138 lucro
1372 1086 1475 1137 sibi
1524 1087 1776 1154 seposito
1822 1087 2055 1154 ingenti,
2100 1093 2409 1154 augmento

777 1171 1017 1225 immani
1071 1172 1255 1241 praetii
1303 1172 1513 1225 luendo
1560 1192 1693 1226 mox
1738 1191 1771 1226 a
1817 1173 2052 1243 singulis
2104 1191 2246 1242 quos
2292 1190 2408 1226 suae

778 1259 1032 1311 rationes
1072 1260 1361 1327 coegerint
1403 1261 1474 1311 ad
1515 1261 1638 1327 ejus
1675 1261 1879 1312 mercis
1911 1260 2283 1311 licitationem
2318 1278 2407 1310 ac-

776 1347 998 1398 cedere.
1051 1348 1349 1398 Interdum
1394 1347 1567 1399 etiam
1613 1366 1773 1398 mora
1809 1355 1863 1398 et
1904 1347 2250 1398 elusionibus
2287 1364 2406 1397 cru-

775 1433 930 1485 ciant
978 1452 1075 1485 eos
1123 1434 1327 1501 quibus
1370 1453 1402 1485 a
1450 1435 1588 1487 fisco
1634 1435 1897 1495 debetur3
1953 1442 2013 1486 ut
2055 1435 2135 1486 sic
2178 1452 2275 1486 eos
2316 1452 2405 1486 co-

772 1528 909 1588 gant
968 1521 1039 1572 ad
1099 1539 1293 1572 secum
1356 1521 1755 1583 decidendum,
1815 1521 2051 1573 remissa
2115 1520 2407 1589 pensionis

773 1614 962 1675 parte:
1006 1626 1179 1676 quam
1209 1607 1286 1659 illi
1315 1608 1438 1670 sibi,
1470 1607 1714 1661 fructum
1745 1608 2057 1671 industriae,
2088 1616 2148 1661 ut
2176 1614 2403 1670 vocant,

771 1693 880 1745 hoc
923 1701 1027 1755 est,
1078 1694 1292 1761 rapinae
1340 1694 1777 1762 improbissimae
1830 1696 2083 1762 praedam
2137 1695 2403 1747 habeant.

848 1781 956 1833 His
1004 1790 1059 1833 et
1109 1781 1310 1834 horum
1362 1782 1640 1833 similibus
1687 1801 1753 1833 ex
1801 1800 1895 1833 ore
1948 1782 2200 1849 ipsorum
2252 1780 2405 1833 varie

771 1885 837 1920 ac
890 1877 1055 1921 caute
1109 1869 1412 1938 rogitando
1466 1869 1762 1937 expressiS‚
1817 1869 1982 1938 longe
2033 1869 2247 1921 scilicet
2293 1877 2404 1920 sta-

770 1965 896 2010 tues
950 1957 1158 2010 certius
1205 1966 1489 2025 quantum
1537 1957 1734 2010 alienae
1782 1957 1859 2010 rei
1907 1957 2200 2010 detineant
2253 1957 2405 2025 apud

773 2062 850 2106 se,
906 2052 1318 2112 quantumque,
1376 2052 1435 2096 ut
1490 2061 1619 2095 cum
1676 2045 1799 2095 Deo
1853 2043 1909 2094 in
1959 2043 2202 2112 gratiam
2249 2043 2403 2095 rede-

772 2139 891 2193 ant,
936 2130 1233 2183 refundere
1278 2130 1628 2183 defraudatis
1672 2149 1806 2183 ase
1844 2148 2075 2183 necesse
2111 2130 2264 2198 ipsos
2300 2130 2373 2183 sit
2388 2148 2401 2192 ;

765 2234 944 2288 quam
992 2217 1038 2268 si
1087 2235 1309 2285 quaeras
1355 2236 1421 2268 ex
1468 2217 1552 2279 iis,
1611 2217 1769 2268 eccui
1813 2235 1871 2268 se
1916 2217 2279 2268 meminerint
2322 2216 2402 2267 in-

758 2303 974 2376 juriam
1030 2302 1258 2362 fecisse3
1316 2304 1605 2370 negabunt
1659 2303 1808 2354 enim
1864 2302 2078 2363 statim,
2132 2302 2402 2369 quoniam

765 2408 903 2445 usus
946 2390 1069 2442 istis
1109 2408 1211 2457 pro
1252 2389 1373 2456 lege
1415 2397 1519 2450 est,
1563 2396 1618 2440 et
1663 2407 1788 2456 quae
1829 2389 1949 2440 fieri
1990 2389 2202 2451 vident,
2251 2396 2403 2441 recte

766 2480 886 2532 fieri
924 2496 1042 2530 non
1083 2476 1376 2528 dubitant:
1418 2494 1623 2543 nempe
1660 2475 1793 2527 mali
1823 2476 1945 2543 jam
1983 2494 2170 2527 mores
2207 2493 2402 2543 quam-

764 2567 898 2618 dam
946 2549 1111 2633 quasi
1159 2562 1608 2629 praescriptionis
1652 2562 2051 2614 auctoritatem
2095 2580 2127 2612 a
2170 2579 2402 2614 consue-

764 2653 963 2707 tudine
1005 2650 1112 2703 sibi
1160 2648 1384 2701 trahere
1430 2648 1712 2717 videntur.
1765 2648 1931 2716 Quod
1978 2655 2040 2699 tu
2081 2647 2175 2715 jus
2222 2646 2402 2699 neuti-

769 2758 942 2811 quam
995 2738 1295 2798 admitte53
1353 2737 1451 2788 sed
1499 2735 1644 2788 serio
1690 2735 1965 2788 convictis
2013 2736 2401 2799 denunciabiS,

770 2829 816 2881 si
864 2826 1077 2880 mederi
1123 2825 1444 2877 animorum
1491 2823 1818 2875 vulneribus
1863 2823 2055 2885 velint,
2110 2823 2276 2891 plane
2322 2823 2403 2891 ip-

771 2916 848 2969 sis
894 2913 1299 2967 abstinendum
1353 2910 1714 2979 possessione
1761 2910 1972 2978 injusta
2019 2929 2206 2963 rerum
2254 2910 2404 2963 mala

772 3003 884 3055 fide
924 2987 1351 3069 acquisitarum.
1397 2997 1577 3048 Simul
1618 3015 1883 3065 quaenam
1921 2997 2027 3048 illae
2065 2997 2196 3059 sint,
2235 2996 2402 3048 haus-

773 3096 833 3145 ta
876 3106 942 3144 ex
988 3085 1344 3147 confessione
1392 3085 1643 3155 ipsorum
1690 3084 1909 3154 peritia,
1961 3083 2326 3137 monstrabis,
