2815 3911
815 350 998 391 LIBER
1039 356 1490 400 v.—EP1sT0LA
1530 363 1568 400 1.
1904 361 2009 417 357

455 480 534 533 Mi
581 489 743 551 pater
787 484 844 538 in
892 486 1104 543 Christi
1152 491 1459 548 visceribus
1507 495 1688 560 unice,

391 664 624 802 ETSI
663 656 865 712 litteris
906 662 1208 729 sociorum,
1252 686 1376 736 quae
1418 668 1550 723 hinc
1593 671 1837 723 Romam
1875 689 2001 740 pro-

556 760 704 795 xime
750 763 935 800 m1ssae
979 758 1129 813 sunt,
1175 753 1472 805 certiorem
1512 763 1568 807 te
1607 755 1819 808 factum
1857 757 2003 808 arbi-

372 835 507 892 tror,
563 845 733 898 quarn
781 831 1016 888 feliciter
1064 837 1151 890 his
1193 839 1330 892 locis
1376 858 1464 892 res
1507 841 1832 906 christiana,
1860 840 1998 895 'ves-

371 921 459 967 tra
512 917 928 985 deprecatione,
995 922 1213 992 Deique
1277 926 1552 979 beneficio
1606 936 1859 994 geratur;
1913 937 1993 985 ta-

372 1018 502 1053 men
554 1003 818 1058 videntur
869 1008 1041 1061 etiam
1094 1012 1377 1064 nonnullae
1432 1031 1573 1065 meae
1619 1022 1828 1081 partes,
1881 1016 1993 1067 Ita-

370 1105 479 1157 que
506 1108 686 1158 pauca
724 1095 986 1161 quaedam
1028 1098 1096 1150 de
1137 1097 1291 1151 hisce
1331 1099 1486 1163 locis,
1529 1108 1648 1153 tam
1688 1101 1883 1169 procul
1924 1103 1995 1154 ab

374 1175 529 1229 Urbe
565 1179 818 1242 remotiS,
850 1179 956 1234 hac
999 1182 1237 1250 epistola
1276 1185 1672 1254 perstringam.
1721 1186 2005 1254 Primum„

367 1279 506 1330 gens
549 1265 734 1315 omnis
780 1268 976 1319 Indica
1020 1270 1076 1320 in
1118 1271 1441 1323 universum
1486 1276 1800 1341 (quantum
1840 1274 1991 1325 vide-

368 1363 427 1401 re
478 1350 673 1417 potui)
730 1358 815 1404 est
867 1354 1176 1408 admodum
1230 1356 1488 1419 barbara,
1536 1373 1641 1410 nec
1688 1358 1993 1426 quicquam

368 1434 475 1485 nisi
529 1436 661 1498 suiS,
716 1436 825 1489 hoc
871 1448 973 1502 est,
1022 1442 1274 1493 barbaris
1323 1443 1575 1494 moribus
1622 1452 1993 1495 consentane-

367 1538 463 1573 um
511 1530 638 1576 avet
684 1525 904 1578 audire:
955 1527 1024 1579 de
1071 1545 1256 1580 rerum
1304 1528 1621 1581 divinarum
1669 1546 1735 1581 ac
1783 1528 1990 1582 saluta-

367 1607 512 1661 rium
558 1611 879 1678 cognitione
925 1612 1064 1665 nihil
1105 1615 1413 1667 admodum
1458 1614 1695 1668 laborat.
1757 1615 1994 1683 Ingenio

366 1693 618 1763 plerique
661 1704 792 1750 sunt
833 1695 1026 1765 pravo,
1073 1706 1127 1752 et
1171 1718 1203 1752 a
1250 1700 1456 1753 virtute
1505 1699 1850 1753 abhorrenti.
1901 1701 1991 1753 In-

367 1782 618 1854 credibili
663 1783 977 1839 mobilitate
1015 1786 1189 1840 animi
1228 1796 1398 1856 atque
1436 1786 1841 1851 inconstantia,
1881 1787 1992 1841 fide

366 1870 582 1938 exigua,
628 1891 693 1923 ac
732 1891 875 1940 pene
917 1874 1093 1924 nulla:
1136 1884 1297 1925 tanta
1337 1885 1421 1925 est
1462 1876 1818 1925 consuetudo
1862 1893 1989 1942 pec-

366 1957 532 2010 candi
578 1965 749 2028 atque
794 1959 1038 2013 fallendi.
1090 1961 1202 2014 Hic
1249 1978 1352 2014 nos
1399 1969 1521 2015 tum
1565 1961 1622 2013 in
1665 1960 1990 2024 christianis

365 2047 705 2111 excolendiS‚
752 2056 875 2101 tum
919 2049 974 2100 in
1018 2050 1413 2102 convertendis
1458 2037 1701 2101 ethnicis
1745 2049 1988 2102 multum

365 2133 739 2187 elaboramus,
788 2135 1031 2186 Proinde
1076 2156 1176 2203 par
1218 2145 1302 2187 est
1346 2155 1450 2187 nos
1493 2135 1638 2187 filios
1679 2144 1810 2188 tuos
1849 2154 1991 2202 prae-

365 2221 528 2288 cipue
574 2223 676 2273 tibi
724 2240 872 2274 curae
919 2241 1059 2284 esse,
1108 2223 1332 2289 tuisque
1379 2223 1530 2289 apud
1581 2223 1767 2272 Deum
1811 2220 1990 2289 preci-

363 2308 468 2358 bus
505 2308 863 2360 continenter
892 2309 1094 2376 juvari.
1132 2310 1330 2376 Neque
1359 2308 1509 2359 enim
1541 2316 1597 2359 te
1626 2307 1785 2375 fugit,
1816 2326 1992 2375 quan—

363 2402 486 2446 tum
534 2395 744 2461 negotii
792 2396 863 2447 sit
910 2395 1169 2447 homines
1217 2396 1455 2457 erudire,
1506 2395 1600 2462 qui
1648 2412 1832 2462 neque
1882 2394 1989 2445 Dei

364 2479 627 2533 notitiam
675 2479 939 2544 habeant,
989 2500 1171 2549 neque
1216 2487 1452 2548 pareant
1500 2479 1735 2542 rationi;
1785 2480 1884 2533 sed
1932 2498 1988 2533 a·

362 2569 574 2621 lienum
630 2587 696 2621 ac
753 2569 985 2621 minime
1041 2569 1333 2619 ferendum
1395 2576 1632 2637 putent,.
1681 2568 1906 2619 avocari
1959 2587 1992 2618 a

363 2655 774 2709 consuetudine
841 2655 1133 2723 peccandi,
1204 2671 1329 2723 quae
1395 2655 1516 2722 jam
1588 2662 1806 2708 naturae
1874 2655 1988 2708 vim

363 2741 618 2793 obtineat
671 2749 902 2811 propter
947 2747 1309 2793 vetustatem.

438 2834 582 2881 Haec
620 2832 745 2881 loca
784 2840 914 2880 sunt
956 2848 1091 2879 sane
1123 2830 1421 2889 laboriosa,
1466 2829 1554 2879 vel
1587 2838 1819 2895 propter
1845 2848 1994 2879 sum-

363 2932 487 2968 mos
531 2915 748 2969 aestatis
789 2915 1021 2977 caloreS,
1059 2913 1146 2966 vel
1184 2921 1414 2981 propter
1452 2914 1731 2966 maximos
1768 2913 1990 2982 hyemis

361 3011 563 3054 ventos
613 3011 802 3071 ,atque
869 3001 1095 3051 imbres.
1166 2998 1450 3050 Alimenta
1507 3006 1678 3067 atque
1737 2997 1990 3050 subsidia

362 3089 418 3141 in
489 3092 800 3151 Socotora,
882 3088 1144 3150 Momm,
1217 3086 1610 3154 promontorio
1674 3086 1988 3159 Comorino
