2815 3911
734 383 917 420 LIBER
957 383 1032 421 IV.
1054 399 1127 405 -···
1147 384 1441 422 EPISTOLA
1481 384 1557 420 IV.
1840 382 1958 438 ¹271

336 523 397 567 ut
456 516 576 582 ipse
628 514 879 566 vicissim
932 533 1127 582 parem
1179 514 1420 583 gratiam
1475 512 1839 581 repromittat
1892 511 1962 574 ei,

335 623 368 655 a
431 621 545 671 quo
609 601 718 654 hoc
780 601 1040 655 beneficii
1104 602 1266 671 petit,
1327 602 1373 655 si
1427 601 1657 671 quando
1711 600 1758 653 is
1809 599 1964 654 volu-

336 690 440 744 erit
502 688 797 743 consimile
859 689 1138 743 instruere
1199 688 1541 743 convivium.
1596 688 1787 741 Tanta
1838 704 1964 757 por-

336 796 398 832 ro
471 787 621 842 sunt,
696 786 930 847 tamque
1003 777 1239 829 immani
1312 776 1563 838 libidine,
1640 783 1700 829 ut
1766 793 1966 829 omnes

337 865 648 934 suscipiant
710 865 1106 934 impuritates⁸¹
1155 867 1315 917 Intra
1372 883 1629 916 mensem
1682 863 1965 932 proficisci

336 951 393 1005 in
455 950 697 1005 insulam
757 951 964 1020 cogitO,
1020 952 1113 1005 ubi
1165 959 1373 1021 praeter
1423 952 1682 1004 inaudita
1731 952 1965 1020 flagitia,

336 1039 554 1092 facinus
618 1047 923 1108 utrumque
988 1039 1270 1092 committi
1331 1035 1500 1108 vulgo
1562 1039 1724 1102 solet,
1788 1047 1849 1091 ut
1887 1025 1967 1109 'et

338 1145 516 1180 caesos
577 1125 635 1178 in
696 1125 892 1193 praelio
954 1126 1278 1189 comedant,
1339 1133 1394 1179 et
1447 1134 1713 1194 parentes
1765 1127 1969 1179 affecta

338 1221 507 1267 aetate
570 1211 772 1264 vicinis
838 1219 1067 1265 mutuos
1131 1212 1268 1265 dent
1339 1212 1411 1266 ad
1486 1212 1700 1281 epulas.
1759 1214 1968 1271 *Causa

335 1300 733 1369 proficiscendi
777 1308 881 1363 est,
936 1301 1089 1369 quod
1143 1317 1259 1362 eOS,
1308 1318 1342 1351 a
1392 1307 1512 1352 tam
1568 1298 1797 1353 nefariis
1849 1318 1966 1373 scev-

336 1386 545 1440 leribus
628 1404 694 1438 ac
776 1386 1023 1455 flagitiis,
1108 1387 1181 1438 ad
1256 1386 1625 1439 christianam
1693 1388 1966 1456 pietatem

338 1467 609 1529 converti*
656 1474 797 1526 velle
863 1472 1121 1542 cognovi.

412 1562 621 1615 Insulae
699 1569 830 1615 sunt
911 1563 1054 1615 mira
1134 1561 1261 1616 coeli
1341 1562 1635 1633 temperie,
1716 1564 1967 1633 proceris

338 1652 642 1719 densisque
715 1649 1012 1702 arboribus
1086 1648 1429 1718 frequenteS,
1501 1651 1711 1704 crebris
1776 1652 1966 1706 imbri-

337 1738 442 1789 bus
505 1736 769 1806 irrigatae‚
835 1736 1138 1805 praeruptis
1203 1737 1453 1806 undique
1518 1739 1753 1792 munitae
1818 1740 1966 1811 rupi-

337 1827 461 1890 bus,
542 1829 847 1895 arduaeque
928 1835 983 1877 et
1064 1823 1299 1878 excelsae
1381 1825 1542 1889 adeO,
1628 1833 1689 1880 ut
1768 1826 1968 1882 incolis

338 1913 779 1981 haudquaquam
858 1930 1002 1980 opus
1076 1912 1148 1965 sit
1223 1913 1506 1966 moenibus
1579 1915 1651 1967 ad
1716 1914 1967 1969 hostium

338 2000 615 2069 impetum
674 1997 1141 2068 propulsandum.
1206 1999 1355 2051 Cum
1413 1999 1564 2052 enim
1623 2000 1832 2054 bellum
1886 2002 1967 2054 in-

337 2087 505 2155 gruit,
573 2087 712 2140 satis
777 2094 934 2139 tutos
1000 2104 1060 2137 se
1125 2086 1243 2136 fore
1309 2087 1623 2150 confidunt,
1686 2088 1733 2140 si
1786 2108 1846 2141 se
1898 2091 1970 2143 ad

337 2192 506 2243 rupes
571 2172 848 2241 recipiant
915 2190 1073 2226 suas:
1141 2191 1381 2242 quarum
1448 2174 1616 2227 calles
1654 2180 1848 2245 *usque
1901 2196 1969 2228 eo

338 2263 499 2315 ardui
564 2270 715 2325 sunt,
781 2269 837 2314 et
903 2260 1053 2313 saxis
1117 2260 1396 2331 impediti,
1460 2269 1522 2316 ut
1580 2263 1765 2318 nullus
1816 2267 1968 2335 apud

339 2367 435 2402 eos
512 2366 786 2417 equorum
866 2366 1001 2401 usus
1077 2366 1182 2400 nec
1219 2337 1344 2412 sit,
1411 2368 1516 2401 nec
1580 2368 1704 2402 esse
1767 2352 1968 2420 possit.

341 2438 626 2490 Caeterum
694 2433 874 2487 crebri
939 2433 1152 2487 ibidem
1216 2440 1382 2489 terrae
1449 2443 1639 2490 motus
1701 2439 1969 2504 existunt,

339 2525 483 2577 adeo
565 2524 842 2593 ingenteS,
925 2531 986 2573 ut
1064 2522 1159 2589 qui
1237 2520 1382 2574 forte
1459 2524 1969 2591 praetervehuntur,

340 2627 513 2662 naves
572 2627 704 2663 suas
757 2609 998 2677 objectis
1030 2609 1311 2661 cautibus
1364 2627 1662 2662 occursare
1714 2613 1968 2665 credant.

340 2696 575 2749 Accedit
635 2705 801 2749 terrae
863 2694 1123 2747 fremitus
1183 2702 1397 2757 tantuS,
1461 2704 1521 2749 ut
1580 2697 1970 2753 incredibilem

340 2783 605 2835 omnibus
672 2790 947 2835 terrorem
1013 2781 1271 2833 incutiat.
1343 2781 1539 2835 Multae
1606 2802 1672 2836 ex
1737 2784 1825 2837 his
1889 2786 1969 2838 in-

340 2868 475 2921 sulae
549 2867 762 2937 procul
818 2867 1088 2919 emittunt
1161 2866 1379 2934 ignem:
1451 2869 1714 2922 flammas
1778 2878 1971 2924 autem

340 2963 610 3010 evomunt
671 2963 835 3009 tanto
892 2955 1129 3024 fragore,
1185 2962 1464 3022 quantum
1519 2955 1672 3007 nulla
1722 2964 1971 3010 tormen-

339 3050 398 3097 ta
471 3062 647 3108 aenea,
723 3043 983 3113 quamvis
1048 3059 1272 3111 magna,
1339 3044 1505 3095 edere
1571 3045 1775 3108 solent,
1840 3065 1971 3098 cum

339 3150 562 3187 summa
609 3131 662 3184 vi
703 3130 1028 3203 jaculantur
1073 3129 1297 3197 globos:
1348 3128 1516 3198 hujus
1563 3132 1774 3202 quippe
1826 3135 1972 3203 ignis
