2645 3907
787 362 854 432 433
1205 379 1388 418 LIBER
1429 378 1873 419 1.-—E1>1s‘roLA
1916 380 1999 418 1x.

750 508 833 585 *si
887 527 999 577 qua
1052 527 1118 561 ex
1179 526 1349 561 causa
1411 510 1795 562 detrectarent
1858 510 1929 562 ad
1992 526 2181 577 regern
2244 510 2415 578 proti-

787 611 894 646 nus
963 595 1149 664 ipsum
1214 594 1311 647 tali
1378 595 1448 654 de
1514 613 1572 647 re
1637 596 1901 658 scribere,
1967 603 2025 648 at
2090 612 2204 648 non
2270 613 2416 664 aegre

787 682 989 748 opinor
1058 681 1491 742 adducerentur,
1563 681 1881 748 praesertim
1952 681 2278 749 CarpensiS,
2345 684 2415 735 ad

790 768 861 817 D.
919 767 1168 828 Petrum,
1223 774 1284 818 ut
1337 784 1465 817 cum
1529 784 1658 834 rege
1719 766 2009 834 negotium
2071 773 2297 829 tractet,
2361 777 2415 821 et

787 854 920 906 boni
982 853 1150 921 hujus
1211 853 1397 921 operis
1458 854 1837 921 patrocinium
1899 855 2048 922 apud
2107 872 2234 906 eum
2299 872 2413 906 am-

788 940 1086 1009 plectatur,
1131 939 1395 1008 privatim
1441 940 1738 993 orandum.
1793 939 2074 994 Praeterea
2116 939 2162 993 si
2206 940 2415 994 Orator

789 1028 934 1097 regis
986 1028 1080 1097 qui
1135 1028 1262 1081 istic
1324 1036 1427 1091 est,
1487 1027 1703 1097 optime
1764 1028 2000 1082 affectus
2052 1029 2108 1081 in
2164 1029 2412 1082 Societa-

787 1122 903 1167 tem
970 1115 1060 1178 sit,
1126 1115 1421 1184 prodesset
1480 1131 1615 1166 sane
1674 1132 1787 1167 non
1846 1132 2047 1183 parum
2112 1115 2415 1184 impetrare

788 1204 859 1253 ab
906 1220 972 1254 eo
1020 1203 1076 1253 in
1121 1203 1408 1270 idipsum
1455 1202 1690 1263 litteras,
1736 1220 1861 1269 quae
1909 1203 2024 1270 regi
2070 1213 2416 1270 exponerent

788 1291 844 1341 in
919 1298 1133 1357 quanta
1206 1289 1546 1343 necessitate
1626 1288 1832 1342 favoris
1906 1308 2022 1342 suae
2100 1288 2418 1357 Majestatis

788 1394 878 1431 res
925 1376 981 1430 in
1029 1377 1165 1430 urbe
1212 1383 1421 1432 nostrae
1469 1375 1599 1429 sint.

863 1463 994 1515 Non
1041 1461 1322 1516 omittatis
1364 1479 1466 1514 vos
1509 1461 1613 1530 ipsi
1662 1461 1905 1514 scribere
1949 1461 2020 1514 ad
2066 1463 2138 1514 D.
2186 1462 2414 1515 Petrum

793 1550 1226 1611 Mascareniam,
1282 1567 1414 1600 nam
1467 1557 1747 1617 quantum
1795 1548 1885 1600 ille
1933 1549 2246 1602 delectetur
2297 1568 2415 1601 ves-
2476 1569 2478 1571 ’

787 1635 891 1690 tris
933 1635 1152 1698 litteris,
1196 1634 1361 1688 nullis
1406 1635 1544 1689 satis
1586 1635 1771 1689 verbis
1815 1653 2041 1704 possem
2085 1635 2413 1705 exprimere.

792 1725 921 1777 Hoc
974 1731 1130 1776 certo
1182 1722 1444 1785 teneatiS,
1491 1722 1669 1775 amari
1716 1740 1818 1775 vos
1864 1723 1934 1774 ab
1980 1740 2048 1774 eo
2095 1723 2316 1775 multum
2359 1724 2415 1775 in

785 1811 1037 1863 Domino,
1106 1810 1262 1878 Quas
1305 1828 1337 1862 a
1381 1809 1543 1861 vobis
1594 1808 1801 1877 accipit
1852 1808 2070 1862 litteras
2122 1808 2413 1862 studiosis-

788 1896 930 1949 sime
983 1903 1298 1958 conservat,
1348 1895 1699 1963 pedetentim
1753 1895 1990 1959 lectitat,
2038 1913 2169 1949 cum
2221 1896 2412 1965 volup-

787 1990 905 2037 tate
966 1981 1262 2051 fructuque
1323 1981 1515 2045 animi,
1576 1982 1737 2050 cujus
1799 1982 2067 2050 signavin
2119 1981 2275 2035 vultu
2334 2000 2410 2034 re-

789 2069 1005 2121 nidenti
1065 2068 1194 2121 laeta
1253 2075 1495 2120 exstant.
1580 2068 1864 2135 Equidem
1924 2086 1990 2120 ex
2048 2067 2136 2120 his
2194 2068 2414 2120 indiciis

788 2154 1106 2222 intelligens
1159 2171 1330 2221 quam
1384 2153 1430 2204 is
1482 2161 1670 2205 vester
1722 2152 1812 2214 sit,
1867 2153 2140 2221 obstringi
2193 2171 2261 2205 eo
2318 2172 2411 2204 no-

789 2241 939 2294 mine
1004 2259 1093 2293 me
1155 2239 1338 2293 sentio
1400 2240 1471 2294 ad
1536 2258 1626 2293 me
1689 2239 1874 2308 ipsum
1938 2239 1993 2293 in
2055 2257 2285 2294 ornnem
2339 2238 2413 2293 illi

786 2326 960 2379 vitam
1021 2326 1420 2378 addicendum.
1509 2326 1630 2377 Nos
1682 2324 1774 2378 hic
1827 2325 2220 2393 opinabamur,
2272 2325 2413 2377 salvo

786 2414 992 2464 meliori
1025 2413 1250 2480 judici0‚
1299 2413 1561 2478 expedire
1609 2419 1668 2462 ut
1716 2413 1789 2462 ad
1836 2429 2024 2478 regem
2073 2411 2411 2471 scriberetiS,

787 2500 1007 2566 agendo
1050 2499 1126 2549 illi
1169 2498 1379 2564 gratias
1422 2516 1524 2564 pto
1567 2516 1633 2549 ea
1675 2497 1967 2549 voluntate
2009 2516 2180 2565 quam
2227 2506 2410 2550 osten-

787 2585 869 2638 dit
915 2583 1135 2651 collegii
1180 2591 1277 2636 aut
1321 2583 1526 2636 domus
1574 2582 1848 2636 Societati
1896 2582 2229 2645 fundandae;
2278 2600 2408 2635 nam

787 2669 997 2724 multus
1058 2677 1114 2724 et
1174 2668 1386 2738 passim
1449 2668 1752 2737 requisitus
1811 2668 1867 2722 in
1926 2668 2033 2723 hac
2091 2668 2219 2723 aula
2279 2686 2412 2724 usus

783 2756 934 2826 viget
988 2755 1298 2810 officiorum
1353 2754 1694 2819 istiusmodi,
1750 2754 2002 2825 mihique
2055 2762 2409 2825 compertum

785 2852 870 2896 est
917 2861 983 2895 ex
1029 2844 1097 2894 iis
1142 2860 1268 2912 quae
1314 2842 1503 2894 audivi
1550 2859 1583 2892 a
1632 2842 1703 2891 D.
1754 2842 1940 2904 Petr0‚
1985 2841 2284 2910 epistolam
2330 2848 2411 2892 ta-

784 2932 851 2982 lis
904 2931 1202 2982 sententiae
1256 2931 1486 2980 missam
1541 2928 1727 2989 istinC,
1776 2929 1891 2996 regi
1937 2928 2409 2996 jucundissimam

786 3019 1051 3070 futuram.
1109 3016 1692 3069 Commemorandum
1734 3015 1790 3067 in
1831 3035 1898 3067 ea
1940 3023 2106 3077 esset,
2145 3014 2410 3072 certiores

787 3127 819 3159 a
905 3107 1068 3158 nobis
1155 3105 1335 3158 factos
1420 3123 1519 3156 vos
1598 3104 1667 3156 de
1753 3104 2007 3157 benefica
2091 3101 2454 3171 Majestatis·

2642 871 2645 902 ..
2638 766 2645 816 -Α
2638 679 2645 730 h.-
2637 612 2645 641 Α
2635 525 2645 557 Α
