2815 3911
567 350 750 391 LIBER
791 354 877 390 ΠΙ.
900 369 971 374 -
992 347 1285 392 EPISTOLA
1324 356 1449 392 VIII.
1721 353 1824 405 223

207 512 327 552 men
387 505 515 541 cum
576 486 837 555 cepisset,
902 485 1061 538 facile
1117 486 1292 539 sensit
1355 486 1494 538 alias
1546 486 1824 555 quasdam

208 594 413 637 merces
473 573 636 640 longe
698 572 1058 640 pretiosiores
1119 591 1258 635 esse,
1319 591 1459 641 quas
1512 572 1632 640 ipse
1685 590 1824 625 nun-

208 684 368 741 quam
429 670 598 713 antea
657 660 910 711 vidisset.
978 662 1177 729 Itaque
1235 660 1458 729 navigio
1510 679 1576 711 ac
1629 659 1825 710 merci-

208 759 305 810 bus
375 748 600 810 relictiS,
678 747 816 799 mihi
892 764 950 799 se
1025 748 1259 810 socium,
1336 755 1390 801 et
1459 748 1827 801 Macazaricae

210 836 563 914 profectionis
616 834 884 885 comitem
939 835 1193 903 adjunxit
1209 855 1220 896 ;
1274 835 1483 906 Joanni
1537 836 1697 887 Duro
1743 843 1828 886 est

212 942 434 982 nomen:
500 929 716 974 certum
773 922 893 988 jam
955 922 1240 988 fixumque
1303 921 1490 983 habet,
1554 921 1611 973 in
1671 921 1829 974 omni

212 1017 319 1067 vita
394 1016 788 1078 paupertatem
870 1007 1067 1070 colere,
1152 1007 1493 1076 Christoque
1578 1007 1830 1059 Domino

214 1099 486 1155 inservire.
552 1098 736 1147 Natus
790 1104 875 1147 est
928 1113 1107 1147 annos
1161 1095 1408 1163 quinque
1461 1103 1516 1148 et
1567 1095 1828 1163 triginta3

215 1193 506 1257 perpetuus
569 1182 765 1235 mundi
830 1182 989 1234 miles
1051 1199 1109 1234 se
1171 1183 1242 1234 ad
1306 1182 1598 1235 Christum
1651 1189 1831 1235 trans-

215 1274 350 1335 tulit,
404 1290 469 1322 ac
520 1268 683 1320 valde
737 1268 948 1337 expetit
1001 1276 1189 1319 vestra
1236 1267 1634 1337 deprecatione
1681 1287 1832 1319 com-

218 1359 459 1415 mendari
513 1375 572 1409 se
629 1359 770 1410 Deo.

287 1445 548 1499 Malaccae
613 1443 805 1496 multae
869 1442 1006 1495 mihi
1069 1442 1288 1505 litterae,
1353 1442 1559 1511 partim
1618 1444 1833 1498 'Roma-

220 1553 315 1593 nae,
377 1530 582 1598 partim
649 1529 939 1580 Lusitanae
1002 1529 1237 1580 redditae
1300 1538 1448 1590 sunt,
1513 1549 1579 1579 ex
1631 1529 1836 1596 quibus

219 1616 531 1669 incredibile
605 1625 709 1677 est,
786 1623 1062 1682 quantum
1137 1615 1401 1681 ceperim,
1470 1615 1836 1682 quotidieque

222 1702 428 1770 capiam
502 1700 827 1769 voluptatis
906 1699 1143 1769 Quoties
1208 1717 1303 1751 eas
1368 1699 1491 1768 lego
1561 1699 1714 1769 (lego
1742 1718 1836 1752 au-

140 1812 143 1813 *
222 1796 328 1840 tem
388 1786 729 1854 saepissime)
796 1786 876 1838 sic
934 1786 1161 1848 afficior,
1218 1794 1277 1839 ut
1332 1803 1422 1838 me
1475 1786 1602 1839 istic
1654 1787 1837 1840 vobis-

221 1891 359 1934 cum,
412 1882 507 1925 aut
554 1891 655 1924 vos
702 1872 793 1924 hic
847 1891 1070 1924 mecum
1119 1891 1242 1923 esse
1289 1872 1608 1924 existimem
1624 1892 1636 1934 3
1686 1874 1838 1942 quod

224 1960 264 2010 si
315 1960 637 2028 corporibus
691 1977 804 2012 non
857 1960 1004 2022 licet,
1060 1968 1210 2011 certe
1264 1959 1469 2011 animis
1520 1959 1668 2012 licet.

294 2048 499 2108 PatreS,
564 2046 658 2114 qui
721 2047 889 2098 istinc
951 2065 1079 2098 cum
1144 2048 1366 2116 Joanne
1420 2048 1624 2099 Castro
1676 2067 1839 2099 vene-

226 2142 362 2196 runt,
417 2135 542 2186 Goa
594 2135 666 2186 ad
721 2153 811 2185 me
868 2133 1181 2208 Malaccam
1237 2133 1581 2203 scripserunt
1629 2135 1698 2187 de
1745 2136 1840 2187 ad-

226 2229 385 2274 ventu
450 2241 568 2291 suo.
640 2222 749 2274 His
815 2241 917 2291 ego
983 2240 1132 2275 nunc
1197 2222 1460 2285 rescribO,
1524 2231 1584 2276 ut
1646 2242 1839 2276 eorum

228 2308 330 2360 duo
392 2309 446 2361 in
513 2310 884 2363 Comorinum
961 2310 1412 2378 promontorium
1482 2310 1842 2378 proficiscan-

228 2401 326 2454 tur,
388 2414 552 2463 opem
610 2397 776 2447 laturi
832 2397 1138 2446 Francisco
1195 2397 1488 2458 Mansillae,
1544 2415 1714 2464 quem
1768 2397 1844 2447 ibi

230 2494 348 2529 cum
419 2482 598 2533 tribus
672 2483 1062 2533 sacerdotibus
1128 2482 1407 2549 indigenis
1474 2483 1843 2534 Comorinen-

231 2579 310 2613 ses
396 2566 734 2619 christianos
818 2568 1210 2620 instituentem
1277 2568 1492 2635 reliqui.
1584 2568 1842 2621 Tertium

233 2648 360 2700 Goae
417 2670 642 2705 manere
693 2655 884 2721 jubeo,
937 2662 991 2705 et
1042 2654 1098 2704 in
1149 2654 1385 2722 collegio
1434 2657 1639 2706 Sanctae
1687 2656 1847 2706 Fidei

232 2733 475 2793 alumnos
528 2740 729 2792 litteris
784 2741 1021 2792 erudire.
1419 2794 1422 2797 ,
1845 2792 1849 2794 ,

298 2823 575 2889 Quoniam
651 2828 810 2879 navis
886 2836 1133 2880 maturat
1208 2828 1635 2895 profectionem,
1708 2829 1847 2880 nihil

234 2908 495 2978 attingam
570 2934 766 2968 eorum
841 2935 966 2985 quae
1038 2916 1236 2984 scripsi
1301 2935 1367 2968 ex
1435 2917 1615 2969 India.
1681 2918 1848 2970 Anno
1906 2906 1910 2911 ’

235 2988 539 3064 insequenti
602 3002 671 3053 de
735 3002 1126 3055 Macazaribus
1192 3002 1267 3065 (si
1324 3003 1447 3055 Deo
1501 3003 1656 3055 cordi
1709 3003 1844 3066 erit)

237 3081 401 3134 multa
456 3090 820 3152 perscribam.
